4440 5916
1057 496 1104 568 41

367 711 515 812 presens
537 711 757 812 recognouit
773 712 810 785 se
832 711 980 785 dietum
996 710 1112 786 breue
1135 735 1185 785 ex
1209 709 1374 785 tradicse
1398 710 1466 785 dsi
1487 709 1545 787 sui
1571 718 1617 787 ut
1643 698 1806 811 Bmittit‘

367 856 537 957 recepiffe
550 882 564 932 1
577 860 610 953 sp
637 881 712 931 non
741 857 874 931 habuit
898 855 995 931 illud
1024 856 1425 953 ibidemrversrptame
1449 856 1605 953 q‘mcito
1632 856 1681 932 ad
1708 857 1804 933 illud

368 1004 497 1079 venire
512 976 617 1102 polit
632 1028 641 1078 r
656 1002 750 1077 illud
768 1003 923 1076 domino
939 1003 1005 1076 suo
1027 1003 1219 1077 restituere
1235 1001 1349 1077 vellet
1365 1044 1375 1065 ·
1415 1003 1472 1076 Et
1488 1003 1579 1101 qnia
1594 1002 1698 1077 idem
1713 1005 1806 1079 Rex

370 1149 497 1224 Soocie
513 1125 739 1247 recognoffat
755 1150 791 1222 se
808 1148 953 1222 dictum
973 1147 1090 1221 breue
1106 1148 1276 1246 resepilse
1292 1172 1359 1246 per
1376 1149 1481 1247 quod
1493 1148 1711 1223 adiomatus
1726 1148 1805 1224 fuit

369 1293 419 1368 ad
443 1293 548 1370 diets
577 1293 824 1392 parliamenti]
843 1319 857 1366 t
874 1301 914 1367 et
943 1293 1045 1367 diem
1076 1293 1123 1366 ad
1154 1293 1386 1391 respondend
1415 1293 1538 1367 eidem
1570 1293 1805 1392 Macdulpho

369 1438 529 1513 habebat
550 1439 691 1515 ibidem
708 1464 718 1514 ι
733 1439 881 1514 dietum
906 1440 984 1514 fuit
1008 1426 1138 1537 Bdicto
1155 1440 1258 1538 Regi
1277 1440 1427 1514 Soociet
1444 1467 1470 1540 q
1494 1439 1560 1514 fibi
1585 1440 1805 1538 respondeat

369 1594 416 1660 ut
433 1594 583 1660 tenetur
594 1611 608 1659 r
618 1585 728 1659 iuxta
744 1585 797 1684 qd
813 1586 852 1659 in
871 1586 1004 1660 rotulis
1020 1586 1185 1684 placitari
1197 1599 1281 1660 nors
1297 1586 1359 1705 ii?
1371 1586 1527 1661 domino
1540 1586 1650 1685 Rege
1661 1584 1805 1687 Anglie

367 1730 525 1821 habitui
541 1731 689 1831 plenius
705 1732 942 1808 continetur·

369 2002 438 2099 Ad
465 2022 536 2096 hee
568 2021 692 2097 dietus
725 2023 878 2097 domina
910 2024 1001 2099 Rex
1036 2024 1163 2098 Scoeie
1179 2049 1192 2096 ι
1206 2022 1329 2097 eidem
1362 2023 1517 2097 domino
1549 2024 1616 2098 suo
1649 2023 1805 2099 domino

368 2168 471 2266 Regi
501 2168 646 2267 Anglie
669 2169 768 2269 suoq
792 2169 941 2243 confilio
955 2196 968 2241 t
982 2169 1154 2268 q‘mdam
1181 2193 1244 2244 ore
1272 2170 1357 2268 pp²0
1385 2169 1475 2243 fecit
1500 2168 1805 2267 supplicaessemr

370 2313 503 2413 iframq,
535 2314 576 2387 in
608 2315 752 2413 scriptis
785 2315 972 2388 redactam
1014 2339 1133 2388 manu
1173 2315 1240 2388 sua
1278 2315 1362 2412 ppla
1394 2315 1518 2388 eidem
1552 2314 1706 2388 domino
1739 2315 1805 2389 suo

369 2459 470 2557 Regi
494 2460 661 2558 porrexit
685 2469 726 2534 et
754 2461 910 2534 tradidit
928 2461 1036 2557 cujus
1063 2459 1248 2534 terrorest
1271 2459 1376 2535 talis·
1415 2460 1495 2535 Sire
1513 2459 1578 2557 jeo
1602 2460 1658 2534 sui
1683 2460 1805 2535 vostre

369 2605 481 2679 horne
511 2605 588 2705 lige
616 2606 671 2680 du
700 2607 862 2681 Roiame
889 2608 1124 2684 Descooere
1154 2631 1250 2682 vous
1279 2608 1338 2705 pri
1367 2631 1415 2705 qe
1447 2606 1496 2680 de
1528 2631 1594 2682 ceo
1628 2632 1676 2706 qe
1709 2632 1804 2683 vous

371 2764 524 2827 mauetz
551 2754 623 2826 mis
650 2754 671 2825 rt
699 2754 842 2827 deuant
864 2777 912 2852 qe
937 2753 1079 2828 touche
1107 2751 1161 2827 les
1189 2762 1303 2854 genta
1332 2753 1378 2826 de
1407 2776 1499 2826 mon
1525 2752 1703 2829 Roialme
1726 2753 1804 2828 aufi

371 2921 455 2971 com
486 2899 590 2973 mois
611 2898 761 2973 voilietz
794 2908 932 2972 mettre
965 2923 1013 2972 en
1049 2897 1231 2973 suffianoe
1257 2898 1378 2996 jesqes
1407 2922 1428 2970 a
1457 2906 1568 2971 tauns
1599 2922 1648 2997 qe
1674 2900 1738 2998 jeo
1767 2899 1802 2972 ai

374 3069 398 3117 o
412 3067 501 3117 esus
518 3043 642 3141 parlez
659 3070 669 3117 1
684 3066 731 3142 qe
750 3043 815 3140 jeo
830 3067 879 3118 ne
894 3044 946 3116 soi
962 3044 1094 3141 suspris
1120 3068 1187 3142 par
1204 3042 1356 3117 desaute
1373 3042 1421 3116 de
1437 3042 1572 3118 eonseil
1586 3042 1658 3116 ide
1674 3043 1701 3116 fi
1717 3048 1809 3117 com·

374 3189 426 3264 les
442 3175 556 3288 genta
574 3191 641 3287 qui
667 3190 700 3262 ci
725 3191 808 3263 sont
832 3214 856 3263 0
881 3190 959 3263 moi
982 3212 1080 3265 nene
1103 3188 1234 3264 volent
1260 3213 1332 3263 nen
1360 3189 1464 3263 olent
1488 3189 1677 3263 conseilier
1697 3190 1803 3287 sanqe

374 3343 497 3410 autres
515 3335 568 3408 du
586 3335 760 3408 Roialme
776 3339 820 3408 ιέ
836 3335 923 3431 q‘nt
940 3333 1005 3432 jeo
1021 3333 1193 3409 mauroie
1216 3358 1240 3407 o
1264 3358 1352 3408 enus
1369 3334 1590 3407 conseillietz
1607 3360 1616 3408 1
1625 3335 1690 3432 jeo
1706 3359 1802 3410 vous

378 3481 591 3580 respondrai
618 3505 640 3553 a
664 3481 728 3552 ire
753 3480 892 3577 primer
915 3477 1125 3576 parlement
1148 3479 1170 3552 ἐ
1194 3502 1278 3577 pres
1302 3477 1340 3551 la
1360 3478 1465 3553 Paslr
1480 3503 1489 3553 r
1503 3479 1540 3553 le
1564 3481 1698 3556 oonseil
1722 3481 1805 3580 quil

374 3635 551 3702 mauront
567 3626 687 3699 donez
704 3651 713 3701 r
728 3626 751 3698 έ
766 3624 837 3698 froi
854 3622 902 3696 de
918 3646 1001 3699 vers
1017 3646 1112 3699 vous
1128 3647 1194 3699 ceo
1209 3647 1258 3722 qe
1274 3624 1364 3697 faire
1380 3623 1534 3698 deuroi.

370 3897 527 3993 Habita
543 3920 651 4015 super
667 3902 793 4015 {idiota
809 3914 1041 4015 supplicasse
1060 3939 1149 3990 cum
1166 3914 1328 4009 nobilib3
1345 3924 1384 3989 et
1400 3901 1510 4013 Blatis
1525 3916 1633 4012 regni
1650 3916 1795 4014 Anglie

369 4072 488 4162 totoq
500 4060 649 4135 consilio
662 4063 728 4135 suo
740 4061 968 4135 deliberacse
980 4061 1131 4159 aliquali
1144 4088 1157 4133 t
1168 4060 1216 4134 ad
1228 4060 1427 4134 instantem
1444 4059 1684 4158 requisissem
1696 4061 1802 4137 nobi-

375 4209 470 4284 lium
488 4208 605 4282 eciam
628 4217 667 4280 et
691 4193 822 4306 filetoq
837 4233 850 4279 r
863 4208 1030 4306 prefatus
1055 4206 1207 4281 domina
1231 4209 1317 4280 Rex
1341 4203 1486 4304 Anglie
1498 4232 1513 4280 t
1526 4207 1658 4281 eodem
1675 4217 1801 4283 tamen

376 4353 613 4453 Mscdulpho
622 4353 1010 4428 consencienterdicto
1021 4353 1122 4454 Regi
1133 4352 1260 4427 Saocie
1270 4350 1542 4451 supplicacssem
1553 4352 1656 4427 suam
1665 4338 1802 4452 fidiam

374 4502 505 4577 desua
522 4506 588 4598 gia
604 4499 749 4597 speciali
766 4499 962 4576 coneeffitr
978 4499 1159 4598 sffignans
1183 4508 1224 4573 et
1247 4484 1393 4597 lifigens
1417 4500 1541 4574 eidem
1557 4499 1605 4572 ad
1627 4500 1803 4597 proximu

378 4649 447 4722 suu
476 4646 766 4746 parliamentum
794 4647 878 4746 post
906 4646 1128 4722 Paschatin
1154 4647 1311 4722 crastino
1335 4645 1512 4722 videlicet
1534 4646 1602 4720 Sie
1630 4644 1804 4718 Tuitatis

378 4792 499 4890 offiib3
514 4793 555 4870 in
572 4793 705 4869 endem
721 4793 821 4869 statu
836 4802 1025 4898 quo'tunc
1039 4791 1291 4888 remanentib3
1304 4815 1429 4866 noram
1439 4792 1503 4889 ipo
1518 4788 1582 4865 uel
1597 4786 1803 4865 iusticiariis

1047 4958 1072 5013 s
