4440 5916
1064 476 1115 550 64

369 705 557 800 qnatenus
574 698 622 772 de
639 695 737 775 facto
754 691 995 795 processeram
1011 694 1053 771 vi
1077 695 1200 770 forme
1216 703 1256 769 et
1272 693 1426 770 effectui
1442 695 1601 786 eandem
1617 705 1691 771 rod
1708 693 1814 772 omni

369 847 529 921 comodo
545 846 650 945 quod
669 844 809 919 exinde
824 842 891 917 fibi
906 843 971 918 nel
987 843 1063 918 suis
1078 817 1187 943 polit
1203 842 1361 939 poenire
1376 867 1386 918 1
1399 843 1559 941 expresse
1575 842 1814 921 reniroiauitr

369 1003 410 1069 et
439 995 548 1070 tactis
574 994 743 1068 sacroldis
773 1001 813 1067 et
838 991 1014 1067 osculatis
1039 991 1119 1067 Dei
1151 990 1366 1090 Eu‘ngeliis
1391 989 1467 1065 diio
1505 992 1573 1066 suo
1606 990 1683 1064 dio
1710 987 1814 1092 Regi

371 1142 481 1242 Angl
506 1127 604 1240 fiddo
632 1138 854 1214 fidelitatem
879 1138 971 1213 fecit
992 1139 1035 1213 in
1061 1137 1263 1237 subscripta
1279 1137 1479 1212 formaret
1500 1138 1609 1236 super
1631 1135 1813 1211 fidelitate

370 1291 437 1364 sua·
461 1289 509 1363 fio
534 1289 631 1362 facta
644 1314 656 1361 r
669 1288 751 1362 suas
781 1294 954 1385 patentes
979 1285 1075 1378 fecit
1093 1284 1237 1359 litteras
1260 1284 1329 1360 sub
1345 1293 1472 1359 nomie
1496 1285 1563 1359 suo
1588 1293 1811 1384 conceptae!

368 1437 449 1511 veri
464 1437 521 1510 sui
538 1434 646 1535 sigilli
662 1433 896 1535 impreffione
912 1413 1095 1533 pendent·
1111 1432 1341 1532 consignatas
1354 1459 1364 1508 1
1376 1457 1481 1532 quan
1498 1440 1605 1506 tenor
1622 1431 1676 1506 est
1702 1429 1810 1505 talia·

370 1584 414 1658 ·A
448 1589 534 1656 tous
567 1604 676 1657 ceaus
710 1581 779 1680 qui
812 1581 924 1655 celtes
964 1578 1093 1654 lettres
1125 1588 1281 1654 verront
1313 1602 1365 1654 ou
1395 1585 1524 1653 orront
1538 1576 1730 1652 [Thomas
1763 1577 1812 1653 de

373 1726 596 1827 ¹Somernyle
618 1728 821 1803 ohiualiert
836 1728 958 1803 saluz-
1003 1732 1081 1802 Pur
1099 1751 1164 1802 oeo
1181 1752 1229 1826 qe
1240 1727 1267 1803 J
1268 1751 1313 1801 eo
1327 1727 1396 1827 sui¹
1411 1745 1538 1802 uenuz
1556 1728 1578 1799 t
1593 1726 1630 1800 la
1646 1727 1701 1801 foi
1713 1729 1761 1803 te
1776 1725 1813 1801 al

373 1876 540 1950 arnistetz
571 1875 636 1949 du'
662 1885 737 1950 tres
770 1875 881 1950 noble
910 1874 1048 1950 Prinoe
1065 1897 1166 1948 mon
1201 1873 1303 1949 chier
1337 1848 1521 1974 Seigneur
1553 1873 1722 1949 Edward
1738 1899 1815 1974 par

370 2024 405 2096 la
421 2047 530 2123 grace
548 2023 652 2101 Dieu
671 2023 748 2098 Roi
760 1995 1004 2123 Dengle‘Prer
1024 2021 1182 2121 Seignor
1195 2020 1358 2097 Dirland
1375 2025 1397 2095 e
1414 2021 1507 2096 duo
1524 2021 1809 2121 Dequitaigner

362 2171 427 2268 jeo
455 2178 643 2269 promette
686 2195 760 2270 pur
794 2171 872 2243 moi
903 2171 928 2241 6
961 2174 1051 2268 pur
1069 2192 1149 2243 mes
1170 2168 1272 2242 heirs
1297 2193 1310 2241 t
1337 2170 1399 2243 sur
1431 2169 1546 2267 ¹peine
1584 2167 1632 2241 de
1666 2193 1747 2244 cora
1788 2171 1810 2242 6

370 2316 502 2390 dauoir
521 2320 575 2389 re
607 2316 670 2390 sur
701 2316 788 2415 q‘nt
820 2341 869 2415 qe
901 2339 996 2390 nous
1024 2315 1211 2415 peuffoms
1244 2338 1404 2389 encoure
1419 2341 1429 2391 ι
1445 2320 1509 2413 qe'
1526 2338 1624 2390 noua
1656 2316 1811 2390 serroma

370 2487 417 2536 en
440 2463 478 2537 fi
503 2461 601 2560 eyde
616 2464 664 2535 re
690 2458 717 2533 li
742 2461 938 2536 seruiroms
969 2461 1056 2534 bien
1081 2459 1292 2534 Cleaum'et
1308 2468 1445 2559 *contre
1474 2467 1572 2534 totes
1597 2469 1713 2560 gente
1741 2461 1811 2560 qui

371 2614 530 2708 purront
544 2606 654 2686 uiure
670 2609 692 2679 έ
710 2606 827 2680 morir
840 2635 854 2680 l
866 2615 963 2681 totes
976 2605 1029 2680 les
1044 2604 1120 2679 foiz
1132 2629 1184 2705 qe
1200 2629 1296 2679 nous
1313 2606 1467 2680 senoms
1479 2608 1604 2704 requio
1617 2608 1667 2698 ou
1679 2608 1810 2706 g'amiz

370 2757 418 2830 de
447 2780 514 2854 par
542 2760 609 2830 nie
628 2754 787 2854 Seignor
815 2754 852 2828 le
871 2755 950 2830 Roi
973 2754 1147 2850 auantdit
1161 2781 1171 2831 r
1187 2779 1237 2830 ou
1267 2779 1335 2854 par
1362 2756 1416 2829 ses
1435 2722 1609 2830 heiratll
1637 2753 1697 2854 qe'
1713 2778 1811 2830 noua

369 2903 453 2978 leur
468 2902 626 3001 damage
642 2925 690 2976 ne
706 2902 871 2976 sauroms
885 2925 958 3000 tqe
982 2924 1079 2976 noua
1103 2900 1165 2976 nel
1189 2901 1439 2977 destorbeoms
1455 2904 1477 2975 a
1494 2911 1552 2976 tot
1568 2907 1635 2976 nie
1659 2927 1751 3002 poer
1764 2905 1810 2978 16

371 3049 407 3122 le
436 3049 518 3123 leur
544 3046 708 3121 faceoms
733 3046 754 3118 l
777 3047 921 3119 sauoir·
964 3013 1052 3119 de
1076 3046 1189 3122 cester
1213 3045 1337 3121 choses
1362 3047 1506 3121 tenire
1543 3048 1733 3147 guardent
1746 3048 1811 3146 jeo

368 3193 493 3293 oblige
509 3193 588 3266 moi
601 3196 650 3266 re
668 3214 747 3265 meo
763 3190 860 3287 heire
874 3193 923 3263 te
939 3199 1030 3265 touz
1056 3216 1137 3266 mes
1161 3192 1267 3267 biens
1279 3196 1324 3266 re
1340 3201 1448 3267 outre
1472 3216 1539 3268 oeo
1566 3194 1601 3268 ai
1611 3194 1678 3292 jeo
1697 3194 1808 3293 jurez

369 3342 431 3415 sur
448 3338 594 3414 Scintes
612 3336 832 3436 Eu‘ngeiles
846 3379 856 3399 ·
871 3336 936 3410 En
968 3338 1244 3438 tesmoignanoe
1271 3339 1319 3413 de
1334 3364 1436 3439 queu
1461 3339 1568 3415 chose
1580 3346 1591 3417 Ξ
1600 3340 1720 3440 jeo'ai
1741 3341 1812 3417 fait

371 3485 464 3566 faire
479 3484 592 3559 celtes
608 3483 745 3558 lettres·
763 3492 911 3558 ouertes
927 3483 1060 3558 sealees
1076 3483 1226 3559 demon
1239 3484 1331 3558 seal·
1361 3486 1550 3562 Doneesa
1561 3486 1811 3588 Roidburglrr

371 3632 407 3707 le
423 3639 536 3732 quart
545 3629 636 3728 jour
652 3632 700 3704 de
714 3631 819 3730 dui-n
833 3655 843 3705 r
859 3630 943 3705 Lan
970 3630 1023 3706 du
1046 3654 1162 3731 regne
1177 3634 1244 3706 nie
1262 3632 1445 3732 seigneur
1460 3633 1496 3708 le
1511 3635 1591 3712 Roi
1605 3607 1810 3736 Denglehe

371 3779 543 3856 avantdit
559 3776 733 3854 vintisme
749 3785 882 3877 quart·

334 4052 337 4058 ¹
374 4053 496 4148 Anno
524 4073 609 4147 Diri
636 4084 677 4148 et
707 4074 897 4149 indicione
925 4059 1090 4174 {inolitis
1109 4103 1123 4150 r
1139 4079 1272 4151 mensas
1295 4077 1403 4180 Junij
1428 4078 1491 4154 die
1523 4078 1670 4153 decimo
1684 4080 1811 4177 tapud

374 4216 612 4319 edenburgr
631 4205 797 4317 {irenen
827 4200 990 4296 vehent
1018 4225 1058 4297 in
1075 4223 1169 4321 xeo
1183 4225 1299 4299 Patre
1313 4222 1391 4298 oro
1406 4221 1581 4299 nonore
1610 4223 1697 4322 nno
1712 4209 1811 4321 tideo

373 4386 416 4436 ac
443 4363 605 4459 nobilib3
624 4363 715 4438 viris
745 4366 975 4463 prenotatis!
988 4367 1116 4462 testib3
1142 4368 1191 4440 ad
1219 4368 1291 4442 hoc
1305 4370 1448 4443 uocatis
1462 4377 1502 4443 et
1516 4368 1732 4468 rogatisret
1747 4393 1812 4443 me

374 4507 479 4583 Noir
496 4508 566 4583 dds
584 4509 705 4584 Wills
720 4508 769 4582 de
786 4509 960 4609 Douglao
988 4510 1179 4587 milesrad
1206 4499 1294 4611 Bdci
1321 4513 1389 4587 diii
1404 4513 1524 4614 Regis
1539 4515 1650 4616 Angi
1672 4514 1751 4590 fide
1768 4527 1811 4591 et

378 4655 549 4731 nolitote
576 4679 653 4730 non
684 4656 726 4728 vi
754 4679 825 4731 neo
852 4666 961 4732 metu
986 4674 1135 4733 ooactus
1151 4661 1279 4735 uenies
1305 4670 1352 4736 ut
1377 4662 1525 4738 dicebat
1545 4666 1581 4761 s3
1599 4665 1808 4764 .sp6tane⁰r

238 4811 288 4874 M.
304 4813 335 4875 2.
374 4801 629 4880 eosedemcoes
647 4811 747 4881 ante
763 4804 890 4881 omnia
903 4832 917 4880 ι
931 4814 1142 4882 contractus
1156 4815 1439 4902 roonuenodnea
1460 4819 1501 4887 et
1512 4820 1623 4914 poeta
1636 4821 1684 4892 ut
1696 4811 1809 4913 sopit
