4440 5916
224 2141 274 2208 n.
289 2137 320 2206 1.
362 2109 430 2207 ln
455 2125 681 2203 nonrnn
708 2123 923 2201 nonno
948 2123 1141 2201 aaran.
1194 2123 1389 2212 Quonam
1413 2125 1523 2224 prum
1539 2121 1610 2198 ene
1634 2124 1800 2202 crentur

359 2274 595 2351 meritorium
621 2297 664 2348 ao
680 2271 823 2347 salubre
839 2272 991 2349 veritati
1003 2271 1258 2347 testimonium
1270 2269 1424 2368 phibere
1436 2297 1446 2347 r
1458 2270 1546 2347 lieet
1567 2269 1663 2347 illud
1679 2272 1800 2347 sacere

358 2423 505 2497 racione
529 2421 644 2496 officii
668 2427 822 2520 mgatus
851 2417 1049 2518 corporalis
1079 2428 1207 2493 tenear
1223 2414 1377 2494 vinculo
1388 2416 1417 2494 J
1419 2419 1605 2494 uramenti
1618 2445 1631 2493 r
1645 2429 1685 2495 et
1708 2422 1800 2521 quia

358 2568 486 2670 pleriq,
506 2553 645 2667 fiterita
660 2568 879 2642 memoriter
895 2575 1041 2642 retenta
1063 2566 1196 2640 sutura
1219 2566 1338 2640 faeere
1365 2589 1434 2641 noa
1462 2567 1653 2648 instruunt
1678 2576 1719 2643 et
1742 2569 1800 2644 in-

358 2716 524 2792 formant
554 2715 693 2790 idcirco
717 2715 766 2789 ad
790 2721 971 2814 ppetuam
996 2715 1051 2789 rei
1075 2713 1297 2788 memoriam
1322 2713 1431 2813 super
1448 2714 1649 2815 quib3dam
1665 2718 1800 2815 quein

199 2896 203 2904 ·
360 2863 437 2942 mei
470 2862 695 2961 infrascripti
719 2861 856 2936 notarii
872 2878 928 2936 η
959 2861 1113 2936 testium
1143 2860 1377 2960 subscriptae
1404 2861 1453 2934 ad
1480 2859 1553 2936 hoc
1578 2871 1801 2938 vooatorum

360 3007 565 3109 specialiter
591 3019 631 3083 et
658 3017 818 3108 rogator}
844 3007 988 3083 fiebant
1015 3006 1202 3106 presencia
1224 3013 1379 3106 rogatur
1402 3031 1492 3082 cum
1509 3030 1553 3082 ea
1569 3033 1645 3109 qua
1669 3018 1801 3109 potero

360 3157 561 3257 diligencia
576 3179 705 3256 ppono
721 3155 877 3230 scribere
893 3179 970 3255 que
986 3154 1075 3230 sunt
1091 3154 1259 3228 veritatis
1275 3179 1285 3230 r
1299 3162 1345 3228 vt
1359 3152 1409 3230 src
1423 3154 1566 3230 futuris
1590 3157 1799 3257 temporib3

360 3329 449 3382 cum
475 3302 616 3380 necesse
642 3304 760 3379 suerit
789 3312 829 3379 et
854 3303 936 3378 sciri
963 3302 1127 3378 voluerit
1151 3302 1353 3402 quondam·
1370 3302 1515 3378 sactum
1538 3305 1647 3403 regni
1673 3305 1801 3381 Scocia

360 3454 560 3554 tangencir'r
586 3452 726 3527 'veritas
758 3452 800 3525 in
830 3449 899 3525 hoc
927 3460 1033 3550 parte
1046 3456 1056 3525 Ξ
1070 3450 1121 3524 ad
1145 3449 1294 3549 presens
1322 3450 1573 3527 instrumento
1599 3452 1801 3551 publicum

361 3599 611 3699 subscriptum
637 3598 855 3675 huiusmodi
882 3598 973 3674 scire
999 3597 1169 3688 volentes
1193 3599 1421 3675 veritatem!
1443 3599 1632 3673 recursum
1666 3600 1802 3676 habere
1866 3585 1872 3595 ’
1899 3674 1908 3687 ,

359 3747 526 3845 poterint
554 3754 786 3845 oportunum
801 3770 815 3818 r
832 3747 943 3844 super
968 3747 1155 3820 eontentio
1185 3746 1227 3819 in
1251 3745 1385 3819 eodem
1410 3719 1801 3845 aliqualemprelitop

360 3897 632 3972 informaeoem
675 3896 772 3972 circa
815 3922 860 3973 ea
906 3922 982 3995 que
1018 3922 1086 3997 per
1121 3897 1329 3972 humanam
1367 3897 1589 3972 labilitatem
1616 3924 1630 3970 t
1653 3922 1800 3975 necnon

360 4052 400 4120 et
430 4044 609 4143 temporis
642 4042 788 4143 lapsum
802 4067 852 4117 ra
882 4043 1063 4118 memoria
1090 4041 1313 4119 recesserunt
1340 4045 1382 4119 in
1406 4045 1801 4143 scripturamredacta

360 4216 428 4292 per
465 4189 571 4265 istius
603 4191 873 4290 inspectionem
896 4189 1146 4274 instrumenti
1186 4191 1368 4266 memorie
1407 4190 1625 4265 reducens·
1702 4195 1800 4271 Sane

361 4338 512 4416 suborta
541 4338 691 4414 dudum
719 4340 820 4414 inter
847 4337 1095 4415 excellentem
1123 4337 1332 4438 principem
1357 4338 1450 4413 dim
1467 4337 1704 4416 Edwardum
1721 4339 1800 4417 Dei

360 4487 483 4587 gracia
499 4486 652 4587 Regem
668 4486 814 4587 Anglie
838 4486 1019 4564 illustrem
1035 4512 1049 4562 r
1063 4496 1104 4562 et
1116 4485 1335 4564 lohannem
1358 4487 1490 4564 eadem
1514 4489 1638 4589 gracia
1653 4491 1800 4590 Regem

364 4633 503 4724 Scoton
517 4658 582 4710 ·ac
608 4634 762 4738 vtriusq,
778 4634 886 4735 regni
901 4634 1045 4712 nobiles
1068 4644 1110 4710 et
1126 4634 1265 4712 incolat
1279 4663 1293 4709 r
1307 4606 1515 4711 seminante
1528 4638 1630 4735 pacis
1646 4635 1798 4711 emulor
1848 4597 1854 4609 ⁸

244 4816 249 4827 ·
363 4781 623 4858 eontentionia
640 4790 680 4858 et
703 4781 883 4860 discordie
906 4780 1145 4860 materiatae
1160 4783 1201 4860 in
1218 4794 1371 4861 tantum
1392 4790 1615 4883 monitante
1631 4781 1800 4882 superlie
