4440 5916
1058 473 1131 543 154

379 685 502 760 choses
522 715 534 753 ι
553 709 648 760 nous
683 709 814 760 auoms
848 684 920 757 fait
943 684 1034 758 faire
1058 684 1171 759 oestes
1194 683 1322 758 lettres
1347 691 1494 758 ouertes
1517 681 1650 758 sealees
1675 682 1813 759 denos

374 833 503 906 seaus·
554 832 711 906 Donees
755 838 833 933 [85⁶.
849 841 893 906 ut
917 831 1069 930 supra]
1216 872 1218 877 .

376 1103 504 1198 Item·
557 1122 599 1194 A
616 1129 706 1195 touz
732 1144 840 1197 oeaus
870 1122 939 1219 qui
967 1121 1080 1196 cestes
1103 1119 1232 1195 lettres
1260 1127 1411 1194 verront
1435 1142 1488 1192 ou
1511 1126 1664 1193 orront·
1689 1116 1816 1193 Johan
1981 1128 1983 1133 '

375 1269 423 1342 de
440 1266 640 1367 Garuyagh
656 1266 718 1340 del
735 1266 886 1342 Counte
901 1267 950 1341 de
966 1266 1172 1341 Aberdefit
1187 1265 1315 1365 Aleyn
1331 1264 1381 1338 fiz
1395 1263 1560 1341 Thomas
1576 1263 1625 1338 de
1643 1262 1814 1339 Fulsost

373 1412 486 1489 Niool
502 1413 549 1486 de
565 1412 713 1486 Fultos
728 1438 741 1485 t
755 1413 912 1512 Witing
928 1412 963 1485 le
981 1412 1140 1510 Harpur
1153 1438 1168 1486 t
1179 1410 1241 1484 del
1260 1411 1411 1486 Counte
1434 1409 1481 1482 de
1500 1408 1652 1485 Lanark
1667 1410 1716 1485 1J
1718 1409 1815 1484 ohan

372 1560 421 1633 de
438 1559 562 1634 Skene
577 1585 587 1634 s
603 1558 737 1632 Patria
764 1559 813 1634 de
831 1558 956 1634 Skene
972 1559 1125 1635 tJohan
1144 1558 1231 1658 Lyp
1248 1556 1333 1633 sdel
1358 1556 1509 1631 Counte
1535 1555 1583 1629 de
1607 1554 1815 1630 Aberdefit

370 1705 535 1780 Thomas
560 1705 597 1778 le
613 1705 729 1778 Ewer
757 1703 819 1778 del
844 1704 995 1779 Counte
1023 1705 1073 1779 de
1098 1703 1383 1801 Edeneburght
1401 1701 1527 1778 Johan
1552 1701 1604 1776 fiz
1619 1701 1814 1776 Randolft

375 1853 424 1925 de
440 1851 609 1926 Fediche
635 1849 699 1925 del
716 1854 867 1925 Counte
891 1851 939 1923 de
954 1850 1029 1924 Fif
1037 1876 1050 1923 t
1062 1849 1242 1925 Wautier
1259 1848 1358 1925 aises
1374 1848 1435 1922 del
1454 1849 1605 1923 Counte
1627 1847 1675 1922 de
1691 1847 1816 1923 Aber-

372 1998 447 2075 defi
464 2024 477 2072 t
493 1997 659 2073 Thomas
693 1995 901 2096 Purdeuyn
920 2021 934 2069 t
951 1994 1106 2071 Patria·
1126 1994 1397 2073 Giloristeffone
1424 2020 1439 2068 t
1461 1993 1588 2070 Johan
1623 1994 1813 2071 Manuela

373 2145 506 2219 Adam
523 2142 686 2218 Gurdoh
701 2141 851 2218 ‘Johan
868 2142 916 2217 de
933 2142 1192 2242 Bondynghoh
1218 2141 1334 2222 Clerk
1358 2141 1420 2215 del
1438 2140 1590 2215 Counte
1609 2142 1657 2217 de
1674 2143 1815 2219 striue-

370 2290 424 2364 lin
437 2289 638 2365 JWilliam
661 2289 710 2363 de
727 2288 853 2390 Gluny’¹
868 2314 881 2361 t
894 2287 1115 2367 ohaunsouo
1133 2288 1182 2364 do
1198 2287 1374 2388 Breghyn
1402 2286 1465 2361 del
1481 2288 1632 2365 Counte
1656 2287 1704 2362 de
1721 2289 1815 2364 For-

371 2437 448 2510 fare
458 2462 472 2507 t
483 2436 618 2512 Patri}
634 2435 682 2509 de
694 2435 885 2535 Blauntyr‘
896 2435 958 2509 del
974 2437 1126 2512 Counte
1142 2437 1191 2512 de
1208 2435 1402 2535 Striuelyn
1417 2461 1430 2508 t
1446 2435 1581 2536 Henry
1597 2436 1646 2523 de
1664 2436 1805 2512 striae-

371 2583 426 2657 sin
443 2584 597 2682 persone
614 2582 677 2656 del
694 2583 822 2681 Eglise
834 2584 883 2657 de
899 2582 1399 2683 Upsetely‘mgtohtsymund
1413 2583 1811 2684 deLychardeswodes

372 2729 534 2805 Pemnel
551 2730 599 2804 de
615 2730 828 2828 Veupount
843 2756 857 2804 t
873 2729 1003 2804 Adam
1013 2730 1062 2803 de
1074 2729 1264 2805 lsirketofi
1276 2755 1293 2802 ι·
1304 2729 1366 2803 del
1378 2731 1528 2809 eounte
1544 2730 1592 2804 de
1604 2729 1812 2829 Berewykt

371 2875 551 2952 Cristiane
568 2875 616 2950 de
634 2874 963 2951 Greneheueddel
987 2874 1152 2950 Counte·
1164 2874 1214 2950 de
1231 2873 1380 2950 selkirk
1396 2899 1405 2951 ι
1419 2875 1545 2953 Johan
1572 2875 1621 2950 de
1644 2875 1813 2975 Pedgro·

371 3028 471 3120 gony
486 3022 548 3095 del
575 3022 727 3096 counse
752 3022 802 3095 de
828 3021 948 3097 Perth
961 3048 975 3095 t
989 3020 1139 3122 Geffra?
1166 3021 1203 3096 le
1231 3020 1409 3100 Bakester
1435 3020 1484 3095 de
1495 3020 1668 3101 ,Loffithe
1682 3048 1695 3095 t
1709 3022 1812 3098 Lau·

369 3189 477 3240 renea
497 3167 545 3240 de
563 3165 741 3265 Lekathy
756 3192 769 3239 t
785 3167 913 3240 Adam
940 3167 990 3241 fia
1008 3166 1141 3243 Dauid
1159 3166 1228 3242 ‘del
1250 3167 1400 3242 Counte
1424 3168 1473 3241 de
1490 3166 1644 3242 Forfare
1658 3195 1671 3242 t
1684 3168 1810 3244 Johan

371 3313 513 3411 Legun
528 3337 541 3384 t
554 3311 602 3385 de
618 3310 811 3409 Rothegle
827 3307 889 3385 del
902 3313 1053 3387 counse
1069 3311 1119 3386 de
1132 3311 1287 3386 Lanark
1301 3311 1452 3387 tJohan
1462 3312 1570 3387 Brun
1587 3313 1649 3388 del
1661 3312 1811 3390 Counte

370 3457 419 3531 de
435 3456 645 3557 Berewykae
661 3454 827 3530 Thomas
844 3444 893 3530 de
910 3456 1070 3555 Boghan
1087 3482 1096 3533 e
1111 3457 1259 3534 Robert
1285 3457 1474 3532 Foreman
1498 3457 1560 3533 del
1586 3459 1737 3537 Counte
1761 3460 1811 3534 de

371 3604 628 3704 Edeneburgh
637 3603 805 3678 'Robert
817 3603 865 3676 de
878 3602 1043 3677 Chattos
1057 3628 1065 3679 ι
1080 3603 1210 3678 Huwe
1223 3604 1271 3678 de
1283 3603 1576 3704 Hextildespeth
1588 3605 1649 3688 del
1661 3605 1812 3682 Counte

371 3750 418 3824 de
452 3750 726 3849 Rokelburghs
746 3749 921 3824 William
938 3750 1113 3851 Gardeyn
1130 3749 1192 3825 del
1208 3751 1360 3829 Counte
1376 3750 1424 3825 de
1437 3751 1619 3826 Forfare1
1634 3751 1809 3829 William

370 3896 421 3969 fia
451 3896 615 3972 Andreu
644 3895 693 3969 de
722 3895 1004 3996 Douglas·tdel
1037 3896 1189 3972 Counte
1220 3897 1269 3972 de
1303 3896 1510 3973 Linlefcut
1530 3898 1647 3979 Frere
1679 3899 1810 3974 Adam

370 4040 537 4114 ministre
563 4041 625 4115 del
642 4042 765 4116 Ordre
790 4043 838 4116 de
861 4041 898 4116 la
915 4043 1063 4116 Trinite
1092 4044 1141 4117 de
1156 4043 1340 4144 Berewyh
1352 4070 1365 4117 t
1379 4042 1515 4119 Patn'k
1532 4044 1568 4118 le
1585 4045 1674 4125 scot
1689 4072 1699 4120 1
1715 4045 1811 4120 Cris-

372 4185 473 4256 tiane
490 4186 709 4261 Atteboche
727 4187 775 4260 de
791 4188 974 4287 Berewyk
988 4214 998 4264 ι
1014 4189 1132 4264 Frere
1154 4189 1320 4265 Thomas
1344 4191 1460 4266 Abbe
1487 4191 1536 4264 de
1553 4190 1811 4268 lnohaufraus

369 4327 491 4401 saluz-
529 4333 612 4405 Pur
638 4355 704 4405 oeo
720 4356 769 4431 qe
795 4356 893 4406 nous
920 4334 1043 4408 sumes
1059 4358 1183 4409 venua
1201 4336 1222 4409 a
1237 4337 1274 4411 la
1301 4336 1357 4410 foi
1376 4340 1428 4412 ss
1455 4337 1476 4408 ί
1502 4328 1726 4413 ΙΠοΙιιηῒο
1755 4338 1810 4415 du

369 4474 553 4549 trehsoble
571 4476 731 4551 Prinees
747 4480 769 4549 e
786 4478 907 4552 nostre
923 4478 1024 4551 chier
1041 4479 1224 4578 Seigneur
1249 4482 1335 4562 sire>
1354 4479 1522 4554 Edward
1547 4505 1615 4581 par
1639 4482 1676 4557 la
1699 4507 1809 4583 grase

372 4622 471 4696 Dieu
488 4621 568 4697 Boi
579 4595 793 4723 Denglehhe
807 4646 816 4698 ι
831 4622 1015 4722 Seigneur
1030 4622 1194 4698 Dirland
1208 4629 1258 4699 te
1275 4625 1383 4701 Duos
1400 4627 1661 4729 Daquitaigne
1675 4655 1686 4706 ι
1699 4630 1808 4707 Nous

369 4776 616 4868 promettoms
646 4791 719 4867 pur
745 4791 841 4844 nous
868 4771 890 4843 έ
917 4735 990 4867 pm
1014 4793 1082 4845 nos
1097 4769 1195 4845 heirs
1213 4797 1227 4848 ι
1244 4772 1306 4847 sur
1322 4774 1432 4872 peine
1447 4775 1496 4850 de
1512 4800 1592 4852 oors
1609 4779 1631 4851 6
1647 4777 1806 4853 dauoirt
