4440 5916
1057 479 1135 557 ’165

381 699 589 777 Edolstoiir
607 699 774 776 Thomas
807 696 959 774 Lilloek
990 697 1053 772 del
1086 699 1240 775 Counte
1271 697 1321 772 de
1353 698 1515 774 Pebbles
1534 725 1548 773 r
1567 699 1733 775 Tiromoo
1766 700 1815 774 de

379 846 544 922 Delielle
555 873 570 920 r
581 846 713 922 Huwe
738 844 801 921 del
817 845 964 922 Chostel
980 844 1172 920 Bernardr
1186 845 1339 944 persone
1364 845 1426 920 del
1442 846 1570 945 Eglise
1586 845 1634 919 de
1654 846 1815 921 Colbon·

378 993 459 1068 stori
471 1018 485 1066 r
497 993 637 1068 Mestre
648 991 821 1068 Willinm
834 992 883 1066 de
893 991 1126 1067 Lombretoii
1142 990 1363 1066 ohaunoeler
1378 991 1441 1065 del
1451 990 1578 1091 Eglise
1592 992 1639 1066 de
1649 991 1812 1067 Glasour

379 1139 513 1214 Dauid
530 1140 578 1213 de
596 1138 745 1215 Morref
755 1138 908 1237 persone
931 1137 994 1211 del
1018 1137 1145 1237 Eglise
1169 1137 1219 1213 de
1243 1137 1457 1213 Botheuille
1470 1164 1484 1212 r
1498 1138 1662 1212 Renoud
1678 1139 1815 1213 viooire

380 1284 442 1360 del
468 1283 596 1384 Eglise
621 1283 670 1358 de
697 1283 825 1360 Daliel
841 1282 992 1360 rJohnn
1018 1283 1195 1361 Siluestre
1219 1284 1331 1379 psone
1355 1285 1403 1359 de
1429 1283 1645 1359 Dolfinstoii
1661 1311 1671 1360 ι
1687 1283 1815 1383 Aleyn

379 1432 515 1506 vioeire
532 1431 581 1505 de
597 1429 733 1506 Gleson
745 1457 759 1505 r
773 1430 915 1506 Mestre
930 1431 1061 1509 Pieres
1076 1429 1219 1530 Tylliol
1231 1458 1244 1504 r
1255 1432 1408 1529 persone
1424 1431 1472 1504 de
1493 1429 1626 1505 Cultre
1642 1456 1655 1504 r
1670 1431 1815 1506 Roberi

378 1575 427 1650 de
439 1577 671 1652 Lambretoir
687 1577 824 1653 viooire
840 1577 889 1651 de
897 1576 1099 1652 Wolleiioi
1110 1609 1124 1648 r
1134 1576 1196 1651 del
1206 1577 1357 1652 Counte
1373 1576 1422 1651 de
1432 1575 1613 1652 Lanario
1627 1577 1806 1652 Woutier

377 1723 489 1819 psone
514 1722 577 1797 del
602 1721 732 1823 Eglise
756 1723 804 1797 de
829 1723 986 1797 Mortoi
1000 1725 1051 1799 re
1074 1722 1209 1799 mestre
1234 1722 1282 1797 de
1309 1722 1559 1798 Coldestreme
1579 1749 1588 1797 r
1608 1723 1738 1798 Pieres
1764 1724 1812 1797 de

377 1868 513 1944 Jerum
529 1869 683 1968 persone
709 1868 757 1942 de
775 1867 903 1943 Kelles
917 1893 931 1941 r
944 1869 972 1943 J
972 1867 1071 1942 ohan
1086 1867 1224 1943 viooire
1239 1868 1288 1941 de
1303 1868 1421 1942 Urres
1434 1894 1444 1943 ι
1459 1869 1638 1943 Woutier
1654 1869 1703 1943 de
1718 1870 1816 1945 Der·

377 2015 538 2113 ningtoii
559 2015 671 2111 psone
687 2014 736 2088 de
753 2013 1075 2088 PartorirMestre
1091 2012 1268 2087 Williom
1291 2013 1340 2087 de
1365 2013 1547 2088 Gosesord
1560 2040 1574 2088 r
1588 2016 1742 2113 persone
1766 2016 1815 2090 de

377 2159 618 2236 Cestelmilke
632 2160 802 2237 rRoberi
818 2161 867 2233 de
884 2160 1020 2236 Corsen
1034 2160 1146 2255 psone
1165 2158 1213 2234 de
1228 2157 1265 2232 ln
1280 2163 1406 2258 meite
1421 2158 1484 2234 del
1497 2160 1623 2259 Eglise
1639 2160 1688 2234 de
1705 2162 1814 2237 Kire·

374 2305 507 2380 andree
521 2304 607 2380 rdel
637 2305 789 2381 Counte
817 2305 865 2379 de
893 2303 1063 2379 Dunfree
1094 2303 1255 2378 rsaluz·
1300 2309 1378 2378 Pur
1404 2327 1470 2379 oeo
1498 2329 1547 2403 qe
1570 2328 1668 2380 nous
1692 2306 1815 2383 sumes

375 2475 501 2526 venuz
526 2452 548 2524 ί
570 2451 609 2525 lo
632 2450 685 2526 foi
708 2454 731 2525 6
755 2452 776 2525 i
800 2452 837 2525 lo
859 2449 1016 2525 volunte
1032 2448 1111 2524 rdu
1135 2447 1319 2524 tresnoble
1344 2449 1542 2525 Prinoere
1566 2452 1689 2526 nostre
1713 2451 1816 2527 olrier

378 2597 561 2696 Seigneur
578 2597 658 2672 Sire
675 2595 843 2671 Edwnrd
859 2619 927 2695 par
942 2594 979 2669 lo
994 2618 1104 2694 grooe
1119 2596 1167 2669 de
1180 2595 1288 2670 Dieu
1299 2595 1389 2695 Roir
1406 2570 1619 2695 Denglei're
1633 2597 1817 2697 seigneur

376 2741 540 2817 Dirlend
552 2745 597 2818 re
615 2743 723 2817 Duos
741 2741 1004 2841 Doquitoigne
1018 2763 1139 2817 rnouo
1152 2750 1400 2840 promettoms
1417 2766 1491 2841 pur
1507 2765 1603 2817 nous
1620 2744 1642 2815 6
1658 2766 1732 2840 pur
1746 2765 1814 2818 noe

374 2897 472 2970 heire
487 2921 501 2969 r
514 2897 576 2970 sur
586 2896 697 2994 peine
709 2894 757 2969 de
769 2896 881 2969 ooroe
892 2893 1025 2968 dnuoir
1035 2919 1050 2966 r
1062 2894 1084 2966 έ
1095 2894 1157 2967 sur
1166 2898 1253 2992 q‘nt
1264 2916 1314 2992 qe
1325 2917 1421 2969 none
1433 2892 1616 2993 peuisoms
1626 2918 1813 2970 enoourer

375 3064 423 3140 qe
438 3064 535 3115 nous
551 3039 588 3140 ly
604 3040 800 3115 seruiroms
816 3039 903 3114 bien
920 3042 942 3113 6
960 3038 1154 3114 leeument
1168 3046 1297 3112 oontre
1313 3047 1412 3113 totes
1427 3047 1542 3138 gentz
1559 3039 1628 3138 qui
1652 3049 1813 3139 purront

373 3189 515 3263 vim-ee
530 3187 647 3262 morin
659 3196 756 3261 totee
780 3185 833 3260 leo
856 3185 934 3260 soiz
960 3208 1009 3285 qe
1032 3207 1130 3260 noue
1153 3186 1309 3260 serr-oms
1326 3185 1450 3284 requie
1466 3210 1517 3262 ou
1533 3187 1664 3285 gumiz
1682 3186 1731 3261 de
1746 3210 1813 3286 por

372 3333 495 3408 nostre
520 3332 702 3433 Seigneur
725 3332 762 3407 le
778 3332 868 3431 noy
884 3305 1099 3431 DenglePre
1123 3330 1296 3405 auentdit
1320 3355 1371 3405 ou
1395 3355 1464 3429 par
1486 3332 1540 3406 seo
1564 3332 1663 3407 heire
1679 3373 1690 3394 ·
1708 3332 1746 3407 Ε
1764 3355 1812 3431 qe

371 3503 469 3555 nous
484 3479 567 3555 leur
593 3479 752 3577 damage
767 3500 816 3552 ne
831 3479 996 3553 seuroms
1011 3501 1087 3576 rqe
1102 3500 1199 3551 noue
1215 3475 1277 3550 nel
1294 3476 1543 3551 destorbeoms
1568 3479 1590 3552 s
1613 3486 1672 3552 tot
1688 3477 1811 3552 nostre

372 3647 463 3723 poer
477 3625 527 3697 16
550 3622 586 3697 le
608 3623 692 3697 leur
716 3623 878 3698 feoeoms
905 3623 926 3696 s
949 3622 1096 3697 sonoir·
1132 3623 1168 3696 E
1186 3623 1207 3696 s
1223 3623 1337 3697 oestee
1354 3621 1477 3696 choses
1493 3623 1591 3696 tenir
1608 3624 1630 3696 e
1646 3622 1810 3720 gardert

371 3791 470 3844 noue
484 3766 693 3867 obligeoms
706 3789 802 3843 none
819 3770 841 3842 έ
858 3790 926 3841 nos
941 3766 1041 3842 heire
1057 3769 1079 3841 έ
1095 3774 1187 3841 touz
1204 3789 1273 3840 nos
1288 3766 1394 3840 biens
1409 3767 1455 3839 re
1471 3774 1580 3841 outre
1596 3789 1661 3840 oeo
1677 3790 1809 3841 onoma

365 3917 474 4013 jurez
502 3913 565 3986 sur
592 3912 737 3988 Seinteo
766 3911 1015 4011 Eu‘ngeilee·
1058 3910 1167 3985 Estre
1195 3933 1261 3986 oeo
1288 3933 1385 3984 nous
1407 3912 1557 3984 touzre
1577 3909 1734 3985 ohesoun
1759 3911 1808 3987 de

370 4083 467 4136 nous
483 4083 550 4158 por
566 4059 630 4157 soy
642 4080 773 4133 ouoms
789 4057 860 4132 seit
874 4057 1001 4132 seaute
1026 4057 1048 4130 5
1063 4056 1185 4131 nostre
1199 4057 1384 4155 seigneur
1394 4055 1432 4128 le
1443 4054 1533 4154 Roy
1545 4055 1720 4130 onontdit
1733 4082 1746 4130 r
1757 4080 1806 4132 en

369 4207 482 4283 cesten
506 4204 673 4304 pnroles·
696 4203 770 4281 Jeo
792 4204 902 4279 ferrei
925 4201 999 4278 seol
1022 4205 1045 4276 6
1068 4200 1203 4277 lenlre
1227 4201 1319 4275 soie
1343 4201 1468 4277 leonte
1483 4202 1646 4300 porterei
1662 4227 1710 4278 nu
1729 4203 1808 4281 Roi

368 4350 536 4429 nowen
559 4351 639 4426 nor
662 4321 876 4449 nengreiie
889 4352 939 4423 re
962 4348 990 4421 ⁴e
1016 4349 1072 4423 es
1100 4347 1198 4422 rens
1214 4372 1227 4420 ι
1241 4347 1289 4422 de
1311 4347 1373 4421 vie
1397 4349 1419 4421 e
1444 4347 1491 4421 oe
1515 4348 1671 4423 menore
1687 4352 1735 4431 re
1757 4350 1807 4426 oe

369 4499 505 4575 ten-len
538 4496 685 4572 honenr
717 4504 846 4569 oontre
877 4502 976 4569 toteo
1004 4502 1120 4593 gentz
1151 4493 1192 4592 qi
1221 4503 1381 4591 purront
1409 4493 1519 4569 viure
1548 4517 1600 4568 ou
1628 4497 1805 4570 morirre

363 4645 524 4743 jammes
539 4667 615 4743 pur
629 4641 724 4742 nuli*
739 4663 859 4716 ermes
879 4664 931 4717 ne
954 4639 1233 4739 porterairnen
1256 4638 1391 4714 oonseil
1415 4661 1490 4713 nen
1516 4638 1599 4714 eide
1622 4662 1671 4713 ne
1695 4639 1804 4715 serrai

370 4797 499 4865 contre
512 4787 637 4888 lyrne
660 4795 790 4864 oontre
813 4786 866 4862 ses
889 4785 988 4862 heire
1012 4809 1060 4862 en
1084 4783 1156 4861 nul
1179 4807 1238 4860 ons
1264 4807 1313 4883 qe
1336 4794 1427 4883 poet
1450 4783 1579 4858 ouenir
1597 4783 1655 4858 rii
1677 4784 1803 4865 meide
