4440 5916
1016 485 1064 553 81

316 688 473 775 meisme
486 697 524 773 le
537 692 616 773 lieu
631 722 639 773 r
652 696 752 773 saluz
770 720 816 771 en
838 696 963 771 Dieu·
1017 697 1101 770 Pur
1130 719 1195 769 ceo
1213 716 1261 794 qe
1288 716 1384 768 nous
1409 697 1532 770 sumes
1548 716 1673 772 venua
1691 696 1765 772 lla

317 845 373 920 soi
400 849 422 922 6
449 845 486 918 al
514 845 643 920 amiste
671 846 726 920 du
757 844 940 919 tresnoble
956 844 1094 919 Prinee
1122 843 1245 917 nostre
1270 842 1372 916 chier
1396 844 1581 941 seigneur
1597 844 1765 918 Edward

318 1014 386 1093 par
417 992 454 1066 la
486 1016 596 1091 grace
633 992 738 1066 Dieu
776 992 854 1068 Roi
890 964 1105 1090 Denglelre
1126 1017 1138 1063 r
1159 991 1343 1088 seigneur
1385 987 1549 1062 Dirland
1573 993 1630 1063 te
1672 990 1765 1064 duee

319 1139 581 1239 Daquitaigne
601 1164 614 1211 r
632 1163 730 1213 nous
759 1146 1010 1237 promettoms
1035 1162 1110 1236 pur
1135 1161 1231 1212 nous
1257 1141 1279 1210 έ
1305 1161 1378 1234 pur
1411 1159 1479 1210 nos
1505 1135 1764 1211 suecellourst

316 1285 379 1359 sur
394 1286 506 1384 peine
520 1285 570 1358 de
586 1284 673 1385 q‘nt
690 1309 738 1383 qe
756 1309 853 1358 nous
869 1282 1055 1382 peulsoms
1073 1309 1156 1357 vers
1172 1283 1200 1356 li
1225 1307 1411 1357 encourer
1426 1307 1474 1382 qe
1489 1307 1586 1357 nous
1609 1284 1764 1359 serroms

263 1459 272 1479 ‘
319 1453 366 1505 en
392 1433 430 1505 sa
452 1431 535 1505 eide
551 1435 599 1506 re
623 1430 652 1505 li
676 1427 874 1507 seruiroms
898 1431 987 1505 bien
1013 1435 1035 1505 e
1060 1430 1253 1504 leaument
1278 1438 1407 1504 contre
1432 1437 1529 1503 totes
1554 1439 1670 1528 gentz
1692 1434 1763 1531 qui

318 1587 479 1678 purront
495 1580 605 1654 viure
621 1581 644 1652 6
662 1579 778 1651 morir
794 1604 807 1651 r
824 1586 921 1652 totes
936 1577 989 1652 les
1007 1579 1081 1652 soiz
1100 1603 1148 1676 qe
1173 1601 1268 1650 nous
1285 1578 1441 1651 serroms
1464 1579 1591 1675 requis
1607 1601 1659 1651 ou
1682 1602 1765 1676 gar·

318 1731 381 1805 niz
398 1755 408 1805 r
423 1731 471 1804 de
497 1755 566 1829 par
594 1737 661 1806 nie
693 1730 878 1828 Seigneur
891 1728 942 1803 -le
973 1731 1047 1803 Roi
1078 1703 1290 1828 Dengle‘tle
1318 1731 1492 1804 auantdit
1508 1756 1517 1805 r
1532 1754 1583 1805 ou
1614 1755 1683 1830 par
1710 1732 1764 1805 ses

318 1875 416 1953 heirs
431 1881 478 1951 re
495 1900 543 1975 qe
560 1901 657 1951 nous
673 1876 755 1950 leur
772 1876 931 1974 damage
943 1901 956 1949 r
968 1900 1017 1950 ne
1030 1878 1194 1949 sauroms
1207 1901 1220 1948 r
1231 1900 1280 1974 qe
1292 1900 1388 1950 nous
1401 1876 1464 1949 nel
1481 1876 1765 1952 desturbeomst

319 2025 340 2096 s
356 2031 415 2098 tot
442 2030 509 2098 nie
533 2048 624 2122 poer
638 2027 688 2098 re
706 2023 740 2096 le
765 2022 848 2097 leur
864 2022 1025 2097 saeeoms
1042 2023 1063 2095 i
1080 2022 1223 2096 sauair=
1250 2022 1286 2096 E
1307 2023 1457 2097 acestes
1482 2021 1607 2097 choses
1627 2024 1765 2098 tenire

318 2169 477 2270 garder}
493 2194 589 2244 noue
614 2168 820 2269 obligeoms
849 2194 946 2245 noue
963 2174 1012 2244 re
1038 2193 1106 2244 nos
1130 2169 1350 2244 suecessours
1367 2172 1413 2242 re
1438 2173 1505 2245 nie
1530 2169 1658 2268 Eglise
1674 2195 1683 2244 r
1699 2193 1764 2245 en·

318 2316 564 2392 semblement
580 2318 732 2416 ouesqes
751 2326 842 2392 touz
860 2317 912 2391 les
929 2316 1036 2391 biens
1052 2320 1074 2390 έ
1091 2315 1244 2391 chateus
1260 2316 1329 2415 qui
1347 2320 1370 2416 y
1387 2316 1577 2414 apendent
1589 2343 1602 2390 t
1615 2320 1639 2391 έ
1654 2326 1763 2392 outre

319 2487 386 2537 ceo
409 2485 541 2538 auoms
560 2462 670 2561 jurez
695 2464 759 2538 sur
785 2464 930 2538 Seintes
947 2461 1191 2562 Eu‘ngeiles·
1218 2465 1282 2536 En
1299 2463 1574 2562 tesmolgnanee
1594 2465 1643 2538 de
1659 2489 1763 2563 queu

318 2608 546 2685 chosernous
559 2634 690 2684 auoms
704 2609 776 2684 fait
788 2610 879 2683 faire
891 2610 1004 2685 aestes
1016 2609 1144 2684 lettres
1161 2618 1310 2684 ouertes
1327 2610 1459 2708 sealees
1473 2611 1520 2684 de
1536 2618 1604 2684 nie
1619 2634 1763 2687 eomun

318 2755 413 2830 seal·
467 2757 559 2831 Dori
577 2757 598 2829 i
615 2755 879 2831 Ablrbrothok
896 2755 933 2830 le
949 2757 1054 2856 syme
1064 2756 1155 2854 jour
1171 2757 1219 2830 de
1235 2757 1263 2832 J
1266 2761 1332 2856 uyl
1351 2760 1435 2858 [850.
1453 2768 1495 2833 ut
1514 2759 1661 2857 supra]

322 3027 442 3123 Anno
468 3049 552 3124 Diii
582 3056 621 3124 et
650 3049 838 3125 indicione
865 3036 1312 3149 flnotatisrmenfis-Julij
1331 3049 1394 3124 die
1417 3051 1576 3149 septimo
1590 3083 1603 3122 l
1617 3051 1761 3149 presen·

319 3193 515 3291 tib31dais
535 3193 708 3270 Waltero
734 3195 782 3269 de
808 3195 915 3271 Bello
941 3196 1086 3295 Campo
1103 3195 1155 3271 rJ
1156 3196 1304 3271 ohanne
1329 3197 1496 3296 Tregotz
1514 3222 1523 3271 r
1539 3195 1689 3271 Thoma
1714 3197 1762 3270 de

318 3339 532 3440 Bigenorer
551 3350 589 3416 et
620 3341 720 3417 Jolte
751 3341 866 3416 Merk
883 3370 896 3417 r
914 3342 1071 3438 militib3
1093 3371 1105 3416 r
1124 3352 1164 3416 et
1196 3367 1260 3417 me
1295 3343 1373 3417 Νοῖ
1405 3342 1609 3441 subscripto
1628 3369 1641 3416 t
1659 3342 1762 3441 apud

318 3484 498 3562 Femuell
514 3513 523 3563 r
541 3488 658 3563 Wills
690 3488 820 3562 Fraser
833 3515 846 3562 t
860 3488 934 3564 fili9
959 3489 1152 3588 quondam
1178 3489 1389 3564 Alexandri
1409 3490 1539 3563 Fraser
1554 3517 1567 3564 r
1582 3491 1688 3564 venit
1712 3490 1761 3562 ad

317 3630 432 3706 sidem
449 3642 489 3707 et
505 3632 743 3708 uoluntatem
762 3634 854 3708 dicti
872 3634 938 3708 dni
955 3635 1075 3735 Regis
1094 3637 1205 3734 Angl
1218 3662 1227 3710 ι
1240 3659 1317 3709 ηοη
1334 3636 1374 3710 vi
1391 3659 1461 3710 nec
1478 3645 1586 3708 metu
1612 3644 1761 3710 coactus

318 3785 365 3852 nt
381 3779 527 3853 dicebat
542 3805 555 3853 r
569 3781 600 3876 s3
618 3782 843 3879 spontaneus
860 3792 924 3856 tet
946 3781 1231 3857 consederaeties
1247 3809 1259 3855 r
1273 3791 1485 3856 contractus
1501 3808 1514 3855 t
1528 3787 1760 3856 conuenciies

319 3931 358 3999 et
386 3933 496 4025 pacta
515 3925 570 4001 rsr
594 3951 671 4024 que
697 3928 832 4026 vnq‘m
859 3930 926 4002 suo
956 3933 1085 4001 nomia
1114 3952 1203 4001 cum
1229 3928 1339 4026 Rege
1368 3928 1519 4016 F‘neon
1544 3927 1639 4000 inite
1664 3928 1761 4002 exti-

318 4070 441 4146 tissent
453 4096 467 4144 l
481 4072 590 4146 cont‘
603 4060 752 4172 Regem
770 4074 882 4172 Angl
897 4080 1133 4146 memoratri!
1147 4081 1335 4172 quatenus
1362 4074 1440 4171 iiim
1459 4074 1730 4172 contingebant
1745 4101 1758 4149 r

315 4220 442 4319 penit?
458 4218 644 4294 anullauit
659 4247 672 4294 r
686 4229 725 4294 et
743 4221 881 4295 eisdem
897 4221 1028 4318 sponte
1045 4243 1140 4319 pure
1170 4229 1209 4293 et
1240 4219 1407 4295 absolute
1432 4220 1597 4319 expresse
1621 4246 1760 4296 renun-

315 4366 454 4442 ciauitr
469 4377 509 4442 et
532 4367 641 4441 tactis
657 4367 825 4441 sacrostis
851 4374 890 4441 et
919 4366 1090 4441 osculatis
1118 4367 1196 4441 Dei
1213 4366 1427 4467 Eu‘ngeliis
1451 4354 1549 4466 lidio
1565 4369 1640 4444 dio
1657 4370 1760 4469 Regi

315 4513 427 4611 Angl
450 4512 671 4587 fidelitatem
695 4513 785 4588 feeit
809 4515 849 4588 in
876 4512 1080 4613 subscripta
1104 4513 1253 4591 formas
1279 4525 1320 4591 et
1348 4516 1457 4615 super
1485 4516 1667 4590 fidelitate
1693 4517 1759 4589 sua

316 4659 413 4733 saeta
429 4661 532 4734 rsuas
558 4668 729 4758 patentes
747 4657 838 4733 fecit
864 4660 1006 4735 litteras
1030 4660 1098 4735 sub
1116 4671 1243 4736 nomie
1269 4663 1336 4735 suo
1365 4672 1561 4761 conceptas
1587 4685 1676 4735 vero
1692 4662 1759 4734 suo

317 4800 434 4905 figllln
458 4806 622 4906 pendens
638 4805 867 4906 consignatas
881 4835 894 4882 r
908 4808 976 4883 sub
993 4817 1123 4883 tenore
1139 4810 1207 4907 qui
1224 4810 1380 4909 sequit·
1484 4810 1526 4884 A
1543 4817 1633 4882 touz
1649 4828 1759 4880 eeaus

1048 4976 1075 5029 1.
