4440 5916
1081 582 1153 660 149

382 795 691 873 iordJWautier
720 796 769 870 de
801 799 939 894 Lynne
952 822 964 869 r
979 795 1145 870 Thomas
1179 794 1228 869 de
1256 793 1436 894 Wyntoii
1453 820 1463 870 r
1478 794 1608 869 James
1641 793 1689 869 de
1722 795 1835 873 Roar

383 943 514 1018 Johan
532 944 670 1019 vicaire
688 943 751 1021 del
768 943 897 1044 Eglise
926 942 974 1016 de
991 944 1169 1018 Garuanr
1187 941 1423 1018 Murthauch
1452 942 1501 1016 de
1531 930 1834 1042 Muntgomeryr

390 1093 565 1166 Dunkan
591 1091 642 1166 fiz
660 1091 811 1168 Gilmor
831 1090 999 1165 Edward
1016 1089 1209 1167 rRenaud
1226 1092 1338 1166 More
1346 1123 1363 1194 λι
1376 1089 1490 1165 Nicol
1517 1089 1565 1163 de
1592 1089 1837 1192 Achthelegr

389 1238 517 1339 Aleyn
530 1239 579 1315 de
592 1240 712 1314 Keres
725 1238 920 1339 rSymund
935 1237 984 1313 de
998 1237 1180 1338 Spalding
1191 1238 1346 1337 persone
1358 1237 1421 1311 del
1430 1236 1560 1336 Eglise
1574 1236 1622 1310 de
1633 1236 1837 1337 Ogheltrer

388 1386 613 1462 Mauoolum
631 1386 826 1463 Lockarer
842 1386 904 1462 del
931 1385 1083 1462 Counte
1107 1386 1157 1461 de
1181 1387 1324 1461 Areae
1347 1383 1517 1461 Richard
1534 1386 1633 1460 Wer
1648 1385 1839 1460 ‘Thomas

383 1533 435 1611 de
452 1532 920 1633 thscamhrAlisaundre
944 1533 993 1609 de
1018 1532 1361 1608 PauntofitMarie
1386 1533 1435 1608 de
1460 1531 1696 1632 Glangeuelr
1712 1532 1838 1607 Johan

379 1680 435 1755 ·de
453 1680 662 1755 Maxeweti
677 1707 686 1756 r
703 1680 839 1780 Pheliqi
856 1681 892 1756 le
909 1679 1078 1781 Engleys
1094 1683 1140 1757 re
1158 1679 1335 1780 Symund
1353 1679 1416 1754 del
1435 1678 1591 1754 Schawe
1607 1679 1672 1756 del
1685 1678 1838 1754 Counte

383 1827 433 1902 de
450 1827 604 1903 Lanark
617 1854 632 1902 t
644 1827 755 1904 Nicol
772 1827 821 1902 de
839 1829 957 1928 Corry
969 1853 979 1903 r
992 1827 1120 1903 Johan
1146 1826 1194 1901 de
1219 1826 1397 1901 Dordoft
1413 1826 1525 1901 Rauf
1546 1826 1595 1900 de
1618 1827 1836 1926 Eringtohr

377 1972 564 2072 ·Symund
588 1974 637 2048 de
661 1972 697 2046 la
723 1973 939 2051 Chaumbre
953 1999 966 2046 t
981 1973 1127 2048 Roberi
1151 1973 1200 2048 de
1227 1972 1456 2047 Dunbretan
1473 1999 1486 2046 t
1501 1971 1650 2047 Robert
1675 1974 1835 2049 Fresert

388 2119 566 2196 William
583 2121 631 2197 de
649 2120 884 2197 Heilebecht
899 2121 1034 2221 Henry
1043 2121 1092 2198 de
1103 2119 1287 2219 Gillonby
1303 2147 1316 2194 t
1332 2119 1447 2219 Gyles
1464 2122 1618 2219 persone
1634 2119 1697 2195 del
1710 2121 1839 2222 Eglise

386 2265 436 2340 de
470 2263 730 2366 Egglesfeyan
750 2291 760 2340 r
779 2265 930 2342 Robert
962 2266 1011 2341 ‹ie
1044 2263 1227 2340 Perress'ar
1245 2290 1259 2338 t
1276 2265 1403 2340 Johan
1438 2266 1487 2341 de
1520 2262 1644 2340 Kirke
1677 2265 1836 2343 Patrikr

388 2411 555 2489 Thomas
585 2412 725 2488 Moffet
754 2414 817 2488 del
844 2414 997 2489 Counte
1026 2411 1076 2488 dc
1092 2411 1266 2488 Dunfres
1282 2411 1434 2488 tsaluz·
1476 2413 1559 2488 Pur
1584 2436 1650 2488 ceo
1666 2436 1715 2512 qe
1741 2437 1838 2490 nous

384 2561 508 2635 fumea
533 2583 658 2636 venua
683 2562 705 2634 t
729 2560 904 2636 lascire
931 2560 953 2634 ί
981 2558 1019 2634 la
1044 2559 1204 2636 volunte
1233 2559 1288 2635 du
1317 2558 1502 2634 treiiroble
1518 2560 1658 2638 Prince
1675 2563 1696 2635 e
1712 2561 1837 2636 nostre

300 2788 305 2796 ,
385 2706 488 2782 chier
518 2708 703 2808 Seigneur
716 2734 731 2782 r
746 2708 827 2785 Sire
855 2707 1025 2783 Edward
1050 2731 1118 2807 par
1149 2706 1185 2781 la
1210 2731 1320 2807 grace
1344 2707 1568 2785 DieurRoi
1592 2681 1836 2809 Dengleher

386 2855 573 2954 Seigneur
583 2853 742 2930 Dirland
757 2857 803 2930 re
821 2855 931 2930 Duos
943 2854 1200 2955 Daquitaigne
1214 2881 1223 2931 r
1236 2878 1333 2930 noua
1352 2863 1602 2954 promettoms
1618 2879 1694 2955 pur
1709 2879 1835 2929 nouat

386 3004 409 3076 e
425 3025 500 3102 pur
515 3024 583 3076 nos
600 3000 698 3076 heire
712 3028 726 3076 r
738 3002 800 3078 sur
816 3002 928 3101 peine
944 3002 994 3077 ‹ie
1018 3025 1099 3078 cora
1116 3005 1139 3077 6
1154 3001 1287 3077 dauoir
1305 3002 1431 3077 resur
1447 3004 1534 3102 q‘nt
1550 3027 1600 3103 qe
1614 3027 1713 3078 noua
1730 3005 1836 3103 peus-

384 3149 482 3225 soms
511 3172 697 3225 encourer
711 3174 760 3249 qe
787 3173 884 3225 noua
908 3149 946 3251 ly
969 3149 1168 3225 semiroma
1197 3148 1285 3224 bien
1309 3151 1332 3224 e
1356 3148 1555 3226 leaument
1579 3160 1710 3226 contre
1736 3159 1835 3226 totes

384 3306 501 3396 genta
519 3297 588 3397 qui
604 3305 764 3397 purront
781 3297 890 3373 vium
905 3298 928 3371 6
944 3298 1062 3373 morit
1078 3304 1177 3372 totes
1193 3295 1247 3371 lea
1262 3295 1338 3371 foiz
1355 3320 1404 3395 qe
1421 3320 1519 3373 nous
1535 3298 1691 3375 serroms
1707 3301 1835 3398 requis

385 3469 436 3521 ou
452 3446 583 3545 garniz
601 3445 649 3520 de
665 3470 735 3545 par
750 3444 873 3520 nostre
891 3444 1076 3544 Seigneur
1099 3444 1137 3519 le
1153 3444 1232 3520 Roi
1248 3417 1462 3545 Dengle‘he
1478 3447 1653 3521 auantdit
1665 3473 1678 3520 t
1692 3470 1743 3528 ou
1768 3471 1836 3545 par

383 3593 438 3664 ses
454 3590 552 3665 heira
568 3616 578 3666 r
593 3591 631 3665 Ε
655 3615 705 3691 qe
728 3615 824 3667 noua
849 3591 932 3667 leur
956 3592 1117 3692 damage
1140 3615 1189 3667 ne
1213 3591 1378 3667 sauroma
1394 3619 1403 3668 1
1419 3616 1468 3691 qe
1492 3616 1590 3669 nous
1615 3592 1678 3667 nel
1694 3593 1831 3667 destor-

385 3738 514 3811 beoms
530 3739 552 3810 ά
568 3745 629 3812 tot
643 3742 711 3813 nie
727 3762 818 3836 poer
832 3742 880 3812 re
904 3737 941 3812 le
965 3737 1049 3812 leur
1071 3737 1233 3812 faceoma
1250 3739 1271 3811 t
1286 3738 1429 3813 sauoir·
1473 3739 1510 3812 E
1527 3739 1549 3812 i
1565 3738 1678 3814 cestea
1709 3737 1833 3815 choses

385 3884 483 3957 tenir
500 3886 522 3956 e
538 3882 672 3982 garder
682 3908 697 3956 r
708 3907 805 3958 noua
820 3882 1030 3982 obligeoms
1055 3905 1153 3958 noua
1169 3885 1191 3958 e
1208 3906 1278 3958 noa
1294 3882 1393 3958 heirs
1407 3886 1455 3957 re
1471 3893 1563 3958 touz
1579 3907 1649 3958 noa
1665 3883 1770 3958 biens
1786 3890 1832 3958 te

383 4041 494 4107 outre
509 4055 576 4107 ceo
592 4053 725 4106 auoma
735 4029 844 4128 jurea
858 4031 923 4104 sur
942 4029 1088 4105 Saintes
1103 4028 1351 4129 Eu‘ngeiles·
1386 4030 1496 4104 Estre
1517 4055 1583 4105 ceo
1599 4053 1697 4106 nous
1712 4043 1802 4106 touz
1819 4061 1829 4108 1

382 4184 405 4255 e
422 4179 580 4254 chescun
597 4177 646 4252 de
660 4200 758 4252 noua
773 4200 841 4275 par
857 4176 909 4251 soi
924 4199 1059 4251 auoma
1074 4174 1147 4252 tait
1162 4175 1289 4251 seaute
1304 4177 1326 4250 i
1343 4176 1465 4252 nostre
1491 4177 1678 4278 Seigneur
1699 4178 1737 4254 le
1754 4180 1831 4256 Roi

380 4327 559 4403 auantdit
574 4348 622 4401 en
640 4324 753 4401 cestea
769 4322 939 4423 parolea·
966 4323 1040 4399 Jeo
1055 4323 1165 4399 setrai
1180 4322 1253 4398 feal
1269 4326 1292 4399 e
1308 4323 1380 4400 leal
1392 4326 1442 4399 re
1465 4323 1523 4400 foi
1546 4327 1568 4399 e
1592 4323 1716 4403 leonte
1744 4351 1830 4428 por-

383 4475 476 4549 tem
489 4500 503 4548 t
517 4497 567 4549 au
584 4473 663 4548 nor
689 4472 857 4548 arwam
881 4470 962 4547 not
986 4447 1200 4573 neugrehe
1218 4474 1263 4548 re
1291 4472 1391 4546 aser
1421 4473 1519 4548 aens
1533 4500 1547 4548 t
1561 4474 1609 4549 ae
1638 4476 1699 4550 vae
1728 4479 1750 4549 e
1780 4476 1829 4551 ae

371 4620 538 4703 ·menbre
553 4623 576 4694 έ
592 4620 641 4695 de
656 4594 758 4694 ‘thien
774 4618 921 4695 honeur
934 4645 949 4693 r
962 4627 1093 4695 contre
1109 4627 1208 4696 totea
1232 4628 1348 4719 genta
1373 4621 1442 4719 qui
1469 4632 1629 4720 purront
1646 4622 1753 4696 viure
1774 4647 1827 4695 on

381 4767 498 4843 morit
511 4794 525 4842 t
539 4770 561 4842 6
571 4766 733 4866 jammes
757 4790 832 4866 pur
856 4766 950 4865 nuli
966 4789 1087 4843 annea
1113 4789 1161 4841 ne
1186 4767 1348 4865 porterai
1373 4790 1449 4843 nen
1477 4766 1614 4842 conseil
1643 4789 1717 4841 nen
1743 4769 1826 4843 eide

369 4939 433 4998 ene
455 4915 564 4994 serrat
587 4923 717 4997 contre
732 4912 792 5014 1511
808 4937 857 4993 ne
874 4922 1003 4991 contre
1026 4913 1082 4990 sea
1104 4912 1205 4990 heire
1230 4939 1278 4991 en
1308 4913 1377 4988 nul
1404 4938 1465 4990 cas
1481 4937 1530 5013 qe
1552 4925 1644 5014 poet
1666 4917 1825 4991 auenirr
