<?xml version="1.0" encoding="UTF-8"?>
<!DOCTYPE html PUBLIC "-//W3C//DTD XHTML 1.0 Transitional//EN"
    "http://www.w3.org/TR/xhtml1/DTD/xhtml1-transitional.dtd">
<html xmlns="http://www.w3.org/1999/xhtml" xml:lang="en" lang="en">
 <head>
  <title>
</title>
<meta http-equiv="Content-Type" content="text/html;charset=utf-8" />
  <meta name='ocr-system' content='tesseract 3.04.00' />
  <meta name='ocr-capabilities' content='ocr_page ocr_carea ocr_par ocr_line ocrx_word'/>
</head>
<body>
  <div class='ocr_page' id='page_1' title='image "./instrumentapubl00thomgoog/instrumentapubl00thomgoog_0073.png"; bbox 0 0 4440 5916; ppageno 0'>
   <div class='ocr_carea' id='block_1_1' title="bbox 1074 496 1123 571">
    <p class='ocr_par' dir='ltr' id='par_1_1' title="bbox 1074 496 1123 571">
     <span class='ocr_line' id='line_1_1' title="bbox 1074 496 1123 571; baseline -0.061 0"><span class='ocrx_word' id='word_1_1' title='bbox 1074 496 1123 571; x_wconf 80' lang='lat'>40</span> 
     </span>
    </p>
   </div>
   <div class='ocr_carea' id='block_1_2' title="bbox 368 686 1822 1699">
    <p class='ocr_par' dir='ltr' id='par_1_2' title="bbox 368 686 1822 1699">
     <span class='ocr_line' id='line_1_2' title="bbox 372 686 1822 811; baseline 0.005 -25"><span class='ocrx_word' id='word_1_2' title='bbox 372 711 428 787; x_wconf 89' lang='lat' dir='ltr'>Et</span> <span class='ocrx_word' id='word_1_3' title='bbox 444 735 493 787; x_wconf 89' lang='lat' dir='ltr'>ne</span> <span class='ocrx_word' id='word_1_4' title='bbox 508 711 568 787; x_wconf 92' lang='lat' dir='ltr'>ius</span> <span class='ocrx_word' id='word_1_5' title='bbox 585 714 695 787; x_wconf 89' lang='lat' dir='ltr'>suum</span> <span class='ocrx_word' id='word_1_6' title='bbox 716 686 840 786; x_wconf 71' lang='lat' dir='ltr'>ussius</span> <span class='ocrx_word' id='word_1_7' title='bbox 857 712 1145 811; x_wconf 82' lang='lat' dir='ltr'>prosequeretur</span> <span class='ocrx_word' id='word_1_8' title='bbox 1170 714 1280 789; x_wconf 78' lang='lat' dir='ltr'>cont‘</span> <span class='ocrx_word' id='word_1_9' title='bbox 1299 711 1410 789; x_wconf 90' lang='lat' dir='ltr'>illum</span> <span class='ocrx_word' id='word_1_10' title='bbox 1425 716 1538 793; x_wconf 81' lang='lat' dir='ltr'>rsecit</span> <span class='ocrx_word' id='word_1_11' title='bbox 1553 741 1643 792; x_wconf 88' lang='lat' dir='ltr'>eum</span> <span class='ocrx_word' id='word_1_12' title='bbox 1660 718 1822 793; x_wconf 58' lang='lat' dir='ltr'>incarbeae</span> 
     </span>
     <span class='ocr_line' id='line_1_3' title="bbox 371 858 1822 962; baseline 0.004 -31"><span class='ocrx_word' id='word_1_13' title='bbox 371 859 444 933; x_wconf 82' lang='lat' dir='ltr'>rari</span> <span class='ocrx_word' id='word_1_14' title='bbox 460 884 469 932; x_wconf 84' lang='lat'><em>1</em></span> <span class='ocrx_word' id='word_1_15' title='bbox 485 867 524 931; x_wconf 90' lang='lat' dir='ltr'>et</span> <span class='ocrx_word' id='word_1_16' title='bbox 542 859 651 932; x_wconf 68' lang='lat' dir='ltr'>cont‘</span> <span class='ocrx_word' id='word_1_17' title='bbox 661 859 776 932; x_wconf 77' lang='lat' dir='ltr'>radin</span> <span class='ocrx_word' id='word_1_18' title='bbox 794 866 833 932; x_wconf 88' lang='lat' dir='ltr'>et</span> <span class='ocrx_word' id='word_1_19' title='bbox 846 858 990 958; x_wconf 85' lang='lat' dir='ltr'>plegios</span> <span class='ocrx_word' id='word_1_20' title='bbox 1007 860 1046 933; x_wconf 88' lang='lat' dir='ltr'>in</span> <span class='ocrx_word' id='word_1_21' title='bbox 1064 884 1208 936; x_wconf 88' lang='lat' dir='ltr'>carcere</span> <span class='ocrx_word' id='word_1_22' title='bbox 1224 860 1385 936; x_wconf 86' lang='lat' dir='ltr'>detineri</span> <span class='ocrx_word' id='word_1_23' title='bbox 1402 888 1411 938; x_wconf 84' lang='lat' dir='ltr'>r</span> <span class='ocrx_word' id='word_1_24' title='bbox 1427 871 1466 937; x_wconf 92' lang='lat' dir='ltr'>et</span> <span class='ocrx_word' id='word_1_25' title='bbox 1482 864 1591 938; x_wconf 66' lang='lat' dir='ltr'>conr</span> <span class='ocrx_word' id='word_1_26' title='bbox 1603 865 1682 962; x_wconf 72' lang='lat' dir='ltr'>iiim</span> <span class='ocrx_word' id='word_1_27' title='bbox 1699 863 1748 938; x_wconf 87' lang='lat' dir='ltr'>fic</span> <span class='ocrx_word' id='word_1_28' title='bbox 1763 865 1822 937; x_wconf 91' lang='lat' dir='ltr'>in·</span> 
     </span>
     <span class='ocr_line' id='line_1_4' title="bbox 375 982 1819 1109; baseline 0.003 -29"><span class='ocrx_word' id='word_1_29' title='bbox 375 1016 605 1080; x_wconf 88' lang='lat' dir='ltr'>carcemtum</span> <span class='ocrx_word' id='word_1_30' title='bbox 623 1007 733 1105; x_wconf 91' lang='lat' dir='ltr'>super</span> <span class='ocrx_word' id='word_1_31' title='bbox 752 1007 828 1079; x_wconf 90' lang='lat' dir='ltr'>iam</span> <span class='ocrx_word' id='word_1_32' title='bbox 854 1006 966 1080; x_wconf 88' lang='lat' dir='ltr'>dictis</span> <span class='ocrx_word' id='word_1_33' title='bbox 989 982 1058 1080; x_wconf 68' lang='lat' dir='ltr'>siis</span> <span class='ocrx_word' id='word_1_34' title='bbox 1074 1016 1114 1082; x_wconf 91' lang='lat' dir='ltr'>et</span> <span class='ocrx_word' id='word_1_35' title='bbox 1131 1010 1356 1084; x_wconf 78' lang='lat' dir='ltr'>tenementis</span> <span class='ocrx_word' id='word_1_36' title='bbox 1375 1010 1567 1108; x_wconf 81' lang='lat' dir='ltr'><strong>quoddam</strong></span> <span class='ocrx_word' id='word_1_37' title='bbox 1583 1010 1762 1109; x_wconf 92' lang='lat' dir='ltr'>iniquum</span> <span class='ocrx_word' id='word_1_38' title='bbox 1779 1019 1819 1086; x_wconf 91' lang='lat' dir='ltr'>et</span> 
     </span>
     <span class='ocr_line' id='line_1_5' title="bbox 368 1141 1819 1252; baseline 0.003 -27"><span class='ocrx_word' id='word_1_39' title='bbox 368 1152 503 1226; x_wconf 89' lang='lat' dir='ltr'>salsum</span> <span class='ocrx_word' id='word_1_40' title='bbox 517 1153 625 1228; x_wconf 87' lang='lat' dir='ltr'>reddi</span> <span class='ocrx_word' id='word_1_41' title='bbox 637 1152 728 1225; x_wconf 86' lang='lat' dir='ltr'>fecit</span> <span class='ocrx_word' id='word_1_42' title='bbox 742 1151 928 1227; x_wconf 89' lang='lat' dir='ltr'>iudicium</span> <span class='ocrx_word' id='word_1_43' title='bbox 945 1180 954 1228; x_wconf 85' lang='grc' dir='ltr'><em>ι</em></span> <span class='ocrx_word' id='word_1_44' title='bbox 970 1161 1110 1226; x_wconf 90' lang='lat' dir='ltr'>etcum</span> <span class='ocrx_word' id='word_1_45' title='bbox 1124 1154 1357 1252; x_wconf 80' lang='lat' dir='ltr'>postmodr‘ra</span> <span class='ocrx_word' id='word_1_46' title='bbox 1372 1141 1470 1252; x_wconf 69' lang='lat' dir='ltr'>{ideo</span> <span class='ocrx_word' id='word_1_47' title='bbox 1486 1179 1629 1230; x_wconf 81' lang='lat' dir='ltr'>carcere</span> <span class='ocrx_word' id='word_1_48' title='bbox 1640 1156 1819 1231; x_wconf 79' lang='lat' dir='ltr'>liberatus</span> 
     </span>
     <span class='ocr_line' id='line_1_6' title="bbox 370 1297 1819 1400; baseline 0.003 -30"><span class='ocrx_word' id='word_1_49' title='bbox 370 1299 517 1373; x_wconf 82' lang='lat' dir='ltr'>fuissetr</span> <span class='ocrx_word' id='word_1_50' title='bbox 533 1300 613 1398; x_wconf 68' lang='lat' dir='ltr'>ipm</span> <span class='ocrx_word' id='word_1_51' title='bbox 627 1322 755 1396; x_wconf 87' lang='lat' dir='ltr'>regern</span> <span class='ocrx_word' id='word_1_52' title='bbox 770 1298 899 1371; x_wconf 88' lang='lat' dir='ltr'>Scocie</span> <span class='ocrx_word' id='word_1_53' title='bbox 911 1297 1088 1371; x_wconf 87' lang='lat' dir='ltr'>instanter</span> <span class='ocrx_word' id='word_1_54' title='bbox 1098 1305 1138 1371; x_wconf 90' lang='lat' dir='ltr'>et</span> <span class='ocrx_word' id='word_1_55' title='bbox 1151 1297 1292 1397; x_wconf 83' lang='lat' dir='ltr'>pluries</span> <span class='ocrx_word' id='word_1_56' title='bbox 1305 1300 1501 1399; x_wconf 87' lang='lat' dir='ltr'>requifiuit</span> <span class='ocrx_word' id='word_1_57' title='bbox 1515 1327 1565 1400; x_wconf 80' lang='lat' dir='ltr'>lq</span> <span class='ocrx_word' id='word_1_58' title='bbox 1580 1301 1660 1398; x_wconf 70' lang='lat' dir='ltr'>ipim</span> <span class='ocrx_word' id='word_1_59' title='bbox 1677 1300 1718 1374; x_wconf 93' lang='lat' dir='ltr'>in</span> <span class='ocrx_word' id='word_1_60' title='bbox 1735 1301 1819 1374; x_wconf 87' lang='lat' dir='ltr'>iure</span> 
     </span>
     <span class='ocr_line' id='line_1_7' title="bbox 369 1443 1819 1544; baseline 0.001 -26"><span class='ocrx_word' id='word_1_61' title='bbox 369 1446 435 1521; x_wconf 91' lang='lat' dir='ltr'>suo</span> <span class='ocrx_word' id='word_1_62' title='bbox 451 1445 672 1544; x_wconf 81' lang='lat' dir='ltr'>dignaretur</span> <span class='ocrx_word' id='word_1_63' title='bbox 689 1443 841 1517; x_wconf 75' lang='lat' dir='ltr'>audirer</span> <span class='ocrx_word' id='word_1_64' title='bbox 854 1453 895 1517; x_wconf 89' lang='lat' dir='ltr'>et</span> <span class='ocrx_word' id='word_1_65' title='bbox 910 1443 977 1516; x_wconf 90' lang='lat' dir='ltr'>fibi</span> <span class='ocrx_word' id='word_1_66' title='bbox 994 1443 1034 1516; x_wconf 92' lang='lat' dir='ltr'>in</span> <span class='ocrx_word' id='word_1_67' title='bbox 1050 1444 1116 1517; x_wconf 85' lang='lat' dir='ltr'>sua</span> <span class='ocrx_word' id='word_1_68' title='bbox 1136 1444 1238 1517; x_wconf 85' lang='lat' dir='ltr'>curia</span> <span class='ocrx_word' id='word_1_69' title='bbox 1252 1454 1413 1520; x_wconf 73' lang='lat' dir='ltr'>comune</span> <span class='ocrx_word' id='word_1_70' title='bbox 1424 1446 1605 1520; x_wconf 86' lang='lat' dir='ltr'>iusticiam</span> <span class='ocrx_word' id='word_1_71' title='bbox 1620 1446 1819 1520; x_wconf 74' lang='lat' dir='ltr'>exhiberet</span> 
     </span>
     <span class='ocr_line' id='line_1_8' title="bbox 372 1589 1820 1699; baseline 0.001 -33"><span class='ocrx_word' id='word_1_72' title='bbox 372 1591 476 1690; x_wconf 91' lang='lat' dir='ltr'>quod</span> <span class='ocrx_word' id='word_1_73' title='bbox 492 1591 595 1666; x_wconf 91' lang='lat' dir='ltr'>idem</span> <span class='ocrx_word' id='word_1_74' title='bbox 609 1590 698 1665; x_wconf 88' lang='lat' dir='ltr'>Rex</span> <span class='ocrx_word' id='word_1_75' title='bbox 718 1591 850 1699; x_wconf 68' lang='lat' dir='ltr'>Smcie</span> <span class='ocrx_word' id='word_1_76' title='bbox 860 1590 927 1667; x_wconf 86' lang='lat' dir='ltr'>fibi</span> <span class='ocrx_word' id='word_1_77' title='bbox 944 1589 1065 1663; x_wconf 85' lang='lat' dir='ltr'>facere</span> <span class='ocrx_word' id='word_1_78' title='bbox 1081 1589 1285 1689; x_wconf 85' lang='lat' dir='ltr'>denegauit</span> <span class='ocrx_word' id='word_1_79' title='bbox 1302 1591 1467 1689; x_wconf 79' lang='lat' dir='ltr'>expresse</span> <span class='ocrx_word' id='word_1_80' title='bbox 1479 1616 1488 1665; x_wconf 86' lang='lat' dir='ltr'>r</span> <span class='ocrx_word' id='word_1_81' title='bbox 1502 1593 1540 1665; x_wconf 93' lang='lat' dir='ltr'>in</span> <span class='ocrx_word' id='word_1_82' title='bbox 1556 1599 1820 1691; x_wconf 90' lang='lat' dir='ltr'>contemptum</span> 
     </span>
    </p>
   </div>
   <div class='ocr_carea' id='block_1_3' title="bbox 372 1735 1984 1841">
    <p class='ocr_par' dir='ltr' id='par_1_3' title="bbox 372 1735 1984 1841">
     <span class='ocr_line' id='line_1_9' title="bbox 372 1735 1984 1841; baseline 0 -29"><span class='ocrx_word' id='word_1_83' title='bbox 372 1739 463 1812; x_wconf 90' lang='lat' dir='ltr'>dicti</span> <span class='ocrx_word' id='word_1_84' title='bbox 476 1739 622 1811; x_wconf 92' lang='lat' dir='ltr'>domini</span> <span class='ocrx_word' id='word_1_85' title='bbox 637 1739 757 1835; x_wconf 86' lang='lat' dir='ltr'>Regis</span> <span class='ocrx_word' id='word_1_86' title='bbox 767 1735 911 1835; x_wconf 83' lang='lat' dir='ltr'>Anglie</span> <span class='ocrx_word' id='word_1_87' title='bbox 922 1736 1076 1831; x_wconf 86' lang='lat' dir='ltr'>supioris</span> <span class='ocrx_word' id='word_1_88' title='bbox 1087 1735 1232 1809; x_wconf 90' lang='lat' dir='ltr'>domini</span> <span class='ocrx_word' id='word_1_89' title='bbox 1242 1737 1298 1810; x_wconf 90' lang='lat' dir='ltr'>sui</span> <span class='ocrx_word' id='word_1_90' title='bbox 1312 1746 1352 1810; x_wconf 91' lang='lat' dir='ltr'>et</span> <span class='ocrx_word' id='word_1_91' title='bbox 1363 1735 1569 1827; x_wconf 61' lang='lat' dir='ltr'>mandatori</span> <span class='ocrx_word' id='word_1_92' title='bbox 1581 1738 1674 1829; x_wconf 62' lang='lat' dir='ltr'>sumi</span> <span class='ocrx_word' id='word_1_93' title='bbox 1687 1737 1819 1812; x_wconf 87' lang='lat' dir='ltr'>decem</span> <span class='ocrx_word' id='word_1_94' title='bbox 1974 1822 1984 1841; x_wconf 84' lang='lat'>.-</span> 
     </span>
    </p>
   </div>
   <div class='ocr_carea' id='block_1_4' title="bbox 374 1881 1907 2275">
    <p class='ocr_par' dir='ltr' id='par_1_4' title="bbox 374 1881 1907 2275">
     <span class='ocr_line' id='line_1_10' title="bbox 374 1881 1816 1982; baseline -0.001 -24"><span class='ocrx_word' id='word_1_95' title='bbox 374 1885 478 1958; x_wconf 86' lang='lat' dir='ltr'>milia</span> <span class='ocrx_word' id='word_1_96' title='bbox 494 1884 662 1972; x_wconf 65' lang='lat' dir='ltr'>m‘rcaar</span> <span class='ocrx_word' id='word_1_97' title='bbox 678 1892 718 1955; x_wconf 92' lang='lat' dir='ltr'>et</span> <span class='ocrx_word' id='word_1_98' title='bbox 734 1883 782 1955; x_wconf 91' lang='lat' dir='ltr'>ad</span> <span class='ocrx_word' id='word_1_99' title='bbox 802 1883 972 1980; x_wconf 80' lang='lat' dir='ltr'>dampnsr</span> <span class='ocrx_word' id='word_1_100' title='bbox 996 1882 1093 1978; x_wconf 68' lang='lat' dir='ltr'>ipius</span> <span class='ocrx_word' id='word_1_101' title='bbox 1111 1881 1335 1980; x_wconf 86' lang='lat' dir='ltr'>Macdulpbi</span> <span class='ocrx_word' id='word_1_102' title='bbox 1358 1883 1623 1982; x_wconf 60' lang='lat' dir='ltr'>septingentae</span> <span class='ocrx_word' id='word_1_103' title='bbox 1649 1884 1816 1972; x_wconf 75' lang='lat' dir='ltr'>m‘rcan·</span> 
     </span>
     <span class='ocr_line' id='line_1_11' title="bbox 374 2004 1907 2129; baseline -0.003 -24"><span class='ocrx_word' id='word_1_104' title='bbox 374 2032 430 2105; x_wconf 81' lang='lat' dir='ltr'>nt</span> <span class='ocrx_word' id='word_1_105' title='bbox 443 2030 616 2104; x_wconf 62' lang='lat' dir='ltr'>honneur</span> <span class='ocrx_word' id='word_1_106' title='bbox 629 2028 835 2104; x_wconf 70' lang='lat' dir='ltr'>eumaeo</span> <span class='ocrx_word' id='word_1_107' title='bbox 850 2027 999 2100; x_wconf 71' lang='lat' dir='ltr'>oomni</span> <span class='ocrx_word' id='word_1_108' title='bbox 1012 2027 1132 2127; x_wconf 71' lang='lat' dir='ltr'>aegre</span> <span class='ocrx_word' id='word_1_109' title='bbox 1145 2026 1291 2129; x_wconf 77' lang='lat' dir='ltr'>Angue</span> <span class='ocrx_word' id='word_1_110' title='bbox 1301 2028 1524 2104; x_wconf 57' lang='lat' dir='ltr'>confidente</span> <span class='ocrx_word' id='word_1_111' title='bbox 1535 2004 1656 2103; x_wconf 70' lang='lat' dir='ltr'>vortit</span> <span class='ocrx_word' id='word_1_112' title='bbox 1668 2029 1818 2126; x_wconf 70' lang='lat' dir='ltr'>repara.</span> <span class='ocrx_word' id='word_1_113' title='bbox 1904 2016 1907 2020; x_wconf 75' lang='grc'><em>’</em></span> 
     </span>
     <span class='ocr_line' id='line_1_12' title="bbox 378 2175 846 2275; baseline -0.009 -24"><span class='ocrx_word' id='word_1_114' title='bbox 378 2187 464 2253; x_wconf 91' lang='lat' dir='ltr'>tum</span> <span class='ocrx_word' id='word_1_115' title='bbox 480 2175 622 2275; x_wconf 89' lang='lat' dir='ltr'>optulit</span> <span class='ocrx_word' id='word_1_116' title='bbox 634 2175 823 2250; x_wconf 86' lang='lat' dir='ltr'>verificare</span> <span class='ocrx_word' id='word_1_117' title='bbox 837 2215 846 2235; x_wconf 90' lang='lat'><strong>·</strong></span> 
     </span>
    </p>
   </div>
   <div class='ocr_carea' id='block_1_5' title="bbox 380 2451 1929 3593">
    <p class='ocr_par' dir='ltr' id='par_1_5' title="bbox 380 2451 1929 3593">
     <span class='ocr_line' id='line_1_13' title="bbox 380 2451 1821 2566; baseline -0.001 -21"><span class='ocrx_word' id='word_1_118' title='bbox 380 2451 444 2546; x_wconf 81' lang='lat' dir='ltr'>Et</span> <span class='ocrx_word' id='word_1_119' title='bbox 473 2454 600 2565; x_wconf 71' lang='lat' dir='ltr'>Bsatus</span> <span class='ocrx_word' id='word_1_120' title='bbox 634 2470 719 2540; x_wconf 85' lang='lat' dir='ltr'>Rex</span> <span class='ocrx_word' id='word_1_121' title='bbox 761 2466 888 2540; x_wconf 88' lang='lat' dir='ltr'>Scocie</span> <span class='ocrx_word' id='word_1_122' title='bbox 925 2464 1094 2540; x_wconf 88' lang='lat' dir='ltr'>defendit</span> <span class='ocrx_word' id='word_1_123' title='bbox 1121 2479 1233 2541; x_wconf 74' lang='lat' dir='ltr'>omne</span> <span class='ocrx_word' id='word_1_124' title='bbox 1259 2475 1522 2566; x_wconf 88' lang='lat' dir='ltr'>contemptum</span> <span class='ocrx_word' id='word_1_125' title='bbox 1556 2467 1650 2543; x_wconf 83' lang='lat' dir='ltr'>dicti</span> <span class='ocrx_word' id='word_1_126' title='bbox 1676 2467 1821 2544; x_wconf 88' lang='lat' dir='ltr'>domini</span> 
     </span>
     <span class='ocr_line' id='line_1_14' title="bbox 381 2610 1929 2727; baseline 0 -38"><span class='ocrx_word' id='word_1_127' title='bbox 381 2615 436 2689; x_wconf 90' lang='lat' dir='ltr'>sui</span> <span class='ocrx_word' id='word_1_128' title='bbox 465 2612 613 2687; x_wconf 91' lang='lat' dir='ltr'>domini</span> <span class='ocrx_word' id='word_1_129' title='bbox 642 2612 761 2710; x_wconf 84' lang='lat' dir='ltr'>Regis</span> <span class='ocrx_word' id='word_1_130' title='bbox 789 2610 1016 2709; x_wconf 82' lang='lat' dir='ltr'>Angiieret</span> <span class='ocrx_word' id='word_1_131' title='bbox 1044 2611 1145 2685; x_wconf 88' lang='lat' dir='ltr'>dixit</span> <span class='ocrx_word' id='word_1_132' title='bbox 1163 2638 1219 2712; x_wconf 78' lang='lat' dir='ltr'>iq</span> <span class='ocrx_word' id='word_1_133' title='bbox 1247 2612 1294 2685; x_wconf 88' lang='lat' dir='ltr'>ad</span> <span class='ocrx_word' id='word_1_134' title='bbox 1323 2612 1556 2712; x_wconf 85' lang='lat' dir='ltr'>respondend</span> <span class='ocrx_word' id='word_1_135' title='bbox 1586 2613 1689 2688; x_wconf 89' lang='lat' dir='ltr'>dicto</span> <span class='ocrx_word' id='word_1_136' title='bbox 1718 2616 1822 2690; x_wconf 75' lang='lat' dir='ltr'>Mac</span> <span class='ocrx_word' id='word_1_137' title='bbox 1924 2718 1929 2727; x_wconf 22' lang='grc' dir='ltr'>ι</span> 
     </span>
     <span class='ocr_line' id='line_1_15' title="bbox 380 2755 1824 2861; baseline 0.001 -27"><span class='ocrx_word' id='word_1_138' title='bbox 380 2761 526 2861; x_wconf 91' lang='lat' dir='ltr'>dulpho</span> <span class='ocrx_word' id='word_1_139' title='bbox 552 2760 600 2833; x_wconf 93' lang='lat' dir='ltr'>de</span> <span class='ocrx_word' id='word_1_140' title='bbox 624 2758 752 2857; x_wconf 85' lang='lat' dir='ltr'>aliquo</span> <span class='ocrx_word' id='word_1_141' title='bbox 776 2782 786 2831; x_wconf 83' lang='lat' dir='ltr'>r</span> <span class='ocrx_word' id='word_1_142' title='bbox 814 2757 916 2830; x_wconf 90' lang='lat' dir='ltr'>diem</span> <span class='ocrx_word' id='word_1_143' title='bbox 951 2780 1027 2831; x_wconf 95' lang='lat' dir='ltr'>non</span> <span class='ocrx_word' id='word_1_144' title='bbox 1063 2755 1223 2832; x_wconf 87' lang='lat' dir='ltr'>habebat</span> <span class='ocrx_word' id='word_1_145' title='bbox 1259 2757 1434 2832; x_wconf 92' lang='lat' dir='ltr'>ibidem·</span> <span class='ocrx_word' id='word_1_146' title='bbox 1475 2759 1531 2832; x_wconf 89' lang='lat' dir='ltr'>Et</span> <span class='ocrx_word' id='word_1_147' title='bbox 1566 2760 1690 2835; x_wconf 86' lang='lat' dir='ltr'>dictus</span> <span class='ocrx_word' id='word_1_148' title='bbox 1723 2765 1824 2836; x_wconf 85' lang='lat' dir='ltr'>Mac·</span> 
     </span>
     <span class='ocr_line' id='line_1_16' title="bbox 382 2902 1822 3007; baseline -0.002 -25"><span class='ocrx_word' id='word_1_149' title='bbox 382 2909 550 3007; x_wconf 87' lang='lat' dir='ltr'>dulphus</span> <span class='ocrx_word' id='word_1_150' title='bbox 592 2905 776 2981; x_wconf 86' lang='lat' dir='ltr'>contrario</span> <span class='ocrx_word' id='word_1_151' title='bbox 811 2902 959 2977; x_wconf 87' lang='lat' dir='ltr'>dicebat</span> <span class='ocrx_word' id='word_1_152' title='bbox 985 2927 1051 3003; x_wconf 79' lang='lat' dir='ltr'>tq</span> <span class='ocrx_word' id='word_1_153' title='bbox 1083 2911 1177 2977; x_wconf 88' lang='lat' dir='ltr'>tunc</span> <span class='ocrx_word' id='word_1_154' title='bbox 1209 2902 1311 2977; x_wconf 90' lang='lat' dir='ltr'>diem</span> <span class='ocrx_word' id='word_1_155' title='bbox 1347 2903 1507 2978; x_wconf 86' lang='lat' dir='ltr'>habebat</span> <span class='ocrx_word' id='word_1_156' title='bbox 1535 2907 1582 2979; x_wconf 89' lang='lat' dir='ltr'>ad</span> <span class='ocrx_word' id='word_1_157' title='bbox 1607 2905 1822 2980; x_wconf 82' lang='lat' dir='ltr'>indendum</span> 
     </span>
     <span class='ocr_line' id='line_1_17' title="bbox 384 3048 1822 3151; baseline -0.001 -22"><span class='ocrx_word' id='word_1_158' title='bbox 384 3055 449 3129; x_wconf 87' lang='lat' dir='ltr'>fibi</span> <span class='ocrx_word' id='word_1_159' title='bbox 473 3083 498 3149; x_wconf 88' lang='lat' dir='ltr'>p</span> <span class='ocrx_word' id='word_1_160' title='bbox 523 3054 855 3127; x_wconf 89' lang='lat' dir='ltr'>adiomamentum</span> <span class='ocrx_word' id='word_1_161' title='bbox 879 3049 946 3122; x_wconf 90' lang='lat' dir='ltr'>fibi</span> <span class='ocrx_word' id='word_1_162' title='bbox 974 3048 1118 3123; x_wconf 86' lang='lat' dir='ltr'>factum</span> <span class='ocrx_word' id='word_1_163' title='bbox 1143 3072 1211 3147; x_wconf 89' lang='lat' dir='ltr'>per</span> <span class='ocrx_word' id='word_1_164' title='bbox 1229 3050 1354 3124; x_wconf 89' lang='lat' dir='ltr'>Breue</span> <span class='ocrx_word' id='word_1_165' title='bbox 1371 3051 1516 3124; x_wconf 90' lang='lat' dir='ltr'>domini</span> <span class='ocrx_word' id='word_1_166' title='bbox 1535 3052 1653 3150; x_wconf 85' lang='lat' dir='ltr'>Regis</span> <span class='ocrx_word' id='word_1_167' title='bbox 1678 3052 1822 3151; x_wconf 82' lang='lat' dir='ltr'>Anglie</span> 
     </span>
     <span class='ocr_line' id='line_1_18' title="bbox 383 3194 1823 3299; baseline -0.003 -23"><span class='ocrx_word' id='word_1_168' title='bbox 383 3202 536 3298; x_wconf 87' lang='lat' dir='ltr'>supioris</span> <span class='ocrx_word' id='word_1_169' title='bbox 565 3199 712 3272; x_wconf 91' lang='lat' dir='ltr'>domini</span> <span class='ocrx_word' id='word_1_170' title='bbox 739 3198 794 3268; x_wconf 92' lang='lat' dir='ltr'>sui</span> <span class='ocrx_word' id='word_1_171' title='bbox 812 3195 944 3293; x_wconf 82' lang='lat' dir='ltr'>rquod</span> <span class='ocrx_word' id='word_1_172' title='bbox 969 3194 1126 3293; x_wconf 90' lang='lat' dir='ltr'>quidem</span> <span class='ocrx_word' id='word_1_173' title='bbox 1149 3195 1273 3299; x_wconf 85' lang='lat' dir='ltr'>Breue</span> <span class='ocrx_word' id='word_1_174' title='bbox 1298 3196 1365 3269; x_wconf 89' lang='lat' dir='ltr'>fibi</span> <span class='ocrx_word' id='word_1_175' title='bbox 1389 3197 1591 3270; x_wconf 89' lang='lat' dir='ltr'>liberatum</span> <span class='ocrx_word' id='word_1_176' title='bbox 1615 3196 1692 3272; x_wconf 88' lang='lat' dir='ltr'>suit</span> <span class='ocrx_word' id='word_1_177' title='bbox 1719 3198 1823 3297; x_wconf 88' lang='lat' dir='ltr'>apud</span> 
     </span>
     <span class='ocr_line' id='line_1_19' title="bbox 388 3338 1821 3438; baseline -0.001 -18"><span class='ocrx_word' id='word_1_178' title='bbox 388 3345 566 3421; x_wconf 89' lang='lat' dir='ltr'>Striuelin</span> <span class='ocrx_word' id='word_1_179' title='bbox 592 3372 617 3438; x_wconf 83' lang='lat' dir='ltr'>p</span> <span class='ocrx_word' id='word_1_180' title='bbox 633 3342 828 3418; x_wconf 79' lang='lat' dir='ltr'>vicecomis</span> <span class='ocrx_word' id='word_1_181' title='bbox 846 3338 1086 3414; x_wconf 82' lang='lat' dir='ltr'>Northumbr</span> <span class='ocrx_word' id='word_1_182' title='bbox 1099 3371 1112 3412; x_wconf 77' lang='lat' dir='ltr'>r</span> <span class='ocrx_word' id='word_1_183' title='bbox 1127 3341 1166 3414; x_wconf 91' lang='lat' dir='ltr'>in</span> <span class='ocrx_word' id='word_1_184' title='bbox 1186 3340 1342 3415; x_wconf 77' lang='lat' dir='ltr'>crastino</span> <span class='ocrx_word' id='word_1_185' title='bbox 1361 3343 1421 3416; x_wconf 74' lang='lat' dir='ltr'>sei</span> <span class='ocrx_word' id='word_1_186' title='bbox 1439 3342 1546 3417; x_wconf 89' lang='lat' dir='ltr'>Petri</span> <span class='ocrx_word' id='word_1_187' title='bbox 1569 3342 1618 3415; x_wconf 90' lang='lat' dir='ltr'>ad</span> <span class='ocrx_word' id='word_1_188' title='bbox 1635 3342 1821 3419; x_wconf 67' lang='lat' dir='ltr'>Vincula!</span> 
     </span>
     <span class='ocr_line' id='line_1_20' title="bbox 387 3458 1613 3593; baseline -0.007 -25"><span class='ocrx_word' id='word_1_189' title='bbox 387 3491 494 3593; x_wconf 92' lang='lat' dir='ltr'>quod</span> <span class='ocrx_word' id='word_1_190' title='bbox 511 3490 655 3566; x_wconf 84' lang='lat' dir='ltr'>constat</span> <span class='ocrx_word' id='word_1_191' title='bbox 672 3496 711 3562; x_wconf 90' lang='lat' dir='ltr'>et</span> <span class='ocrx_word' id='word_1_192' title='bbox 727 3485 890 3562; x_wconf 88' lang='lat' dir='ltr'>constare</span> <span class='ocrx_word' id='word_1_193' title='bbox 907 3458 1010 3584; x_wconf 73' lang='lat' dir='ltr'>posit</span> <span class='ocrx_word' id='word_1_194' title='bbox 1025 3509 1093 3584; x_wconf 81' lang='lat' dir='ltr'>per</span> <span class='ocrx_word' id='word_1_195' title='bbox 1108 3494 1264 3562; x_wconf 77' lang='lat' dir='ltr'>retumir</span> <span class='ocrx_word' id='word_1_196' title='bbox 1281 3487 1379 3586; x_wconf 73' lang='lat' dir='ltr'>ipius</span> <span class='ocrx_word' id='word_1_197' title='bbox 1395 3487 1613 3563; x_wconf 74' lang='lat' dir='ltr'>vicecomis·</span> 
     </span>
    </p>
   </div>
   <div class='ocr_carea' id='block_1_6' title="bbox 390 3750 1828 4176">
    <p class='ocr_par' dir='ltr' id='par_1_6' title="bbox 390 3750 1828 4176">
     <span class='ocr_line' id='line_1_21' title="bbox 390 3750 1827 3886; baseline -0.007 -24"><span class='ocrx_word' id='word_1_198' title='bbox 390 3767 454 3862; x_wconf 86' lang='lat' dir='ltr'>Et</span> <span class='ocrx_word' id='word_1_199' title='bbox 467 3784 667 3886; x_wconf 74' lang='lat' dir='ltr'>requietus</span> <span class='ocrx_word' id='word_1_200' title='bbox 680 3782 782 3856; x_wconf 78' lang='lat' dir='ltr'>roem</span> <span class='ocrx_word' id='word_1_201' title='bbox 798 3781 887 3856; x_wconf 77' lang='lat' dir='ltr'>Rex</span> <span class='ocrx_word' id='word_1_202' title='bbox 901 3779 1027 3856; x_wconf 71' lang='lat' dir='ltr'>mooe</span> <span class='ocrx_word' id='word_1_203' title='bbox 1042 3750 1095 3853; x_wconf 63' lang='lat' dir='ltr'>in</span> <span class='ocrx_word' id='word_1_204' title='bbox 1111 3778 1443 3854; x_wconf 72' lang='lat' dir='ltr'>hurmoornreue</span> <span class='ocrx_word' id='word_1_205' title='bbox 1456 3779 1668 3854; x_wconf 73' lang='lat' dir='ltr'>dominam</span> <span class='ocrx_word' id='word_1_206' title='bbox 1681 3779 1827 3855; x_wconf 73' lang='lat' dir='ltr'>oomni</span> 
     </span>
     <span class='ocr_line' id='line_1_22' title="bbox 390 3914 1825 4039; baseline -0.009 -31"><span class='ocrx_word' id='word_1_207' title='bbox 390 3930 659 4033; x_wconf 81' lang='lat' dir='ltr'>RegisAnglie</span> <span class='ocrx_word' id='word_1_208' title='bbox 669 3929 735 4003; x_wconf 94' lang='lat' dir='ltr'>fibi</span> <span class='ocrx_word' id='word_1_209' title='bbox 748 3914 896 4026; x_wconf 68' lang='lat' dir='ltr'>pfsddm</span> <span class='ocrx_word' id='word_1_210' title='bbox 909 3927 1073 4039; x_wconf 73' lang='lat' dir='ltr'>vicecoiis</span> <span class='ocrx_word' id='word_1_211' title='bbox 1079 3925 1319 4001; x_wconf 86' lang='lat' dir='ltr'>Northumbi</span> <span class='ocrx_word' id='word_1_212' title='bbox 1328 3925 1531 4002; x_wconf 88' lang='lat' dir='ltr'>liberatum</span> <span class='ocrx_word' id='word_1_213' title='bbox 1543 3927 1665 4000; x_wconf 85' lang='lat' dir='ltr'>suisset</span> <span class='ocrx_word' id='word_1_214' title='bbox 1674 3934 1719 4001; x_wconf 92' lang='lat' dir='ltr'>ut</span> <span class='ocrx_word' id='word_1_215' title='bbox 1729 3927 1825 4001; x_wconf 68' lang='lat' dir='ltr'>dice.</span> 
     </span>
     <span class='ocr_line' id='line_1_23' title="bbox 392 4055 1828 4176; baseline -0.003 -24"><span class='ocrx_word' id='word_1_216' title='bbox 392 4081 469 4152; x_wconf 84' lang='lat' dir='ltr'>bat²</span> <span class='ocrx_word' id='word_1_217' title='bbox 481 4105 495 4149; x_wconf 82' lang='lat' dir='ltr'>r</span> <span class='ocrx_word' id='word_1_218' title='bbox 505 4077 695 4175; x_wconf 87' lang='lat' dir='ltr'>respondit</span> <span class='ocrx_word' id='word_1_219' title='bbox 706 4103 733 4176; x_wconf 84' lang='lat' dir='ltr'>q</span> <span class='ocrx_word' id='word_1_220' title='bbox 744 4076 813 4150; x_wconf 90' lang='lat' dir='ltr'>fic·</span> <span class='ocrx_word' id='word_1_221' title='bbox 833 4076 888 4150; x_wconf 89' lang='lat' dir='ltr'>Et</span> <span class='ocrx_word' id='word_1_222' title='bbox 901 4102 927 4175; x_wconf 82' lang='lat' dir='ltr'>q</span> <span class='ocrx_word' id='word_1_223' title='bbox 939 4055 1024 4172; x_wconf 63' lang='lat' dir='ltr'>pam</span> <span class='ocrx_word' id='word_1_224' title='bbox 1034 4074 1109 4148; x_wconf 87' lang='lat' dir='ltr'>suit</span> <span class='ocrx_word' id='word_1_225' title='bbox 1126 4099 1136 4150; x_wconf 86' lang='lat' dir='ltr'>r</span> <span class='ocrx_word' id='word_1_226' title='bbox 1152 4082 1192 4147; x_wconf 93' lang='lat' dir='ltr'>et</span> <span class='ocrx_word' id='word_1_227' title='bbox 1202 4073 1303 4169; x_wconf 84' lang='lat' dir='ltr'>semp</span> <span class='ocrx_word' id='word_1_228' title='bbox 1317 4072 1660 4175; x_wconf 23' lang='lat' dir='ltr'>esselvoluitBreuia</span> <span class='ocrx_word' id='word_1_229' title='bbox 1672 4081 1711 4146; x_wconf 93' lang='lat' dir='ltr'>et</span> <span class='ocrx_word' id='word_1_230' title='bbox 1722 4096 1828 4147; x_wconf 84' lang='lat' dir='ltr'>man·</span> 
     </span>
    </p>
   </div>
   <div class='ocr_carea' id='block_1_7' title="bbox 395 4217 1831 4912">
    <p class='ocr_par' dir='ltr' id='par_1_7' title="bbox 395 4217 1831 4912">
     <span class='ocr_line' id='line_1_24' title="bbox 395 4217 1828 4317; baseline -0.002 -21"><span class='ocrx_word' id='word_1_231' title='bbox 395 4224 483 4298; x_wconf 86' lang='lat' dir='ltr'>data</span> <span class='ocrx_word' id='word_1_232' title='bbox 507 4222 599 4294; x_wconf 91' lang='lat' dir='ltr'>dicti</span> <span class='ocrx_word' id='word_1_233' title='bbox 625 4220 770 4293; x_wconf 92' lang='lat' dir='ltr'>domini</span> <span class='ocrx_word' id='word_1_234' title='bbox 795 4219 851 4293; x_wconf 89' lang='lat' dir='ltr'>sui</span> <span class='ocrx_word' id='word_1_235' title='bbox 876 4219 1020 4293; x_wconf 91' lang='lat' dir='ltr'>domini</span> <span class='ocrx_word' id='word_1_236' title='bbox 1043 4219 1161 4317; x_wconf 79' lang='lat' dir='ltr'>Regio</span> <span class='ocrx_word' id='word_1_237' title='bbox 1178 4217 1323 4316; x_wconf 86' lang='lat' dir='ltr'>Anglie</span> <span class='ocrx_word' id='word_1_238' title='bbox 1347 4218 1510 4314; x_wconf 90' lang='lat' dir='ltr'>recipere</span> <span class='ocrx_word' id='word_1_239' title='bbox 1533 4226 1828 4295; x_wconf 80' lang='lat' dir='ltr'>reuerenterret</span> 
     </span>
     <span class='ocr_line' id='line_1_25' title="bbox 397 4336 1830 4467; baseline -0.002 -26"><span class='ocrx_word' id='word_1_240' title='bbox 397 4366 518 4442; x_wconf 82' lang='lat' dir='ltr'>eide&#39;m</span> <span class='ocrx_word' id='word_1_241' title='bbox 535 4368 574 4439; x_wconf 93' lang='lat' dir='ltr'>in</span> <span class='ocrx_word' id='word_1_242' title='bbox 593 4365 718 4458; x_wconf 75' lang='lat' dir='ltr'>offiib3</span> <span class='ocrx_word' id='word_1_243' title='bbox 736 4365 811 4437; x_wconf 84' lang='lat' dir='ltr'>suis</span> <span class='ocrx_word' id='word_1_244' title='bbox 827 4363 1012 4437; x_wconf 85' lang='lat' dir='ltr'>mandatis</span> <span class='ocrx_word' id='word_1_245' title='bbox 1028 4336 1188 4436; x_wconf 67' lang='lat' dir='ltr'>humilis</span> <span class='ocrx_word' id='word_1_246' title='bbox 1200 4362 1376 4467; x_wconf 90' lang='lat' dir='ltr'>obedire·</span> <span class='ocrx_word' id='word_1_247' title='bbox 1417 4360 1472 4434; x_wconf 89' lang='lat' dir='ltr'>Et</span> <span class='ocrx_word' id='word_1_248' title='bbox 1495 4361 1586 4458; x_wconf 82' lang='lat' dir='ltr'>quia</span> <span class='ocrx_word' id='word_1_249' title='bbox 1608 4366 1830 4463; x_wconf 82' lang='lat' dir='ltr'>recognouit</span> 
     </span>
     <span class='ocr_line' id='line_1_26' title="bbox 395 4487 1829 4605; baseline -0.003 -18"><span class='ocrx_word' id='word_1_250' title='bbox 395 4515 432 4587; x_wconf 90' lang='lat' dir='ltr'>se</span> <span class='ocrx_word' id='word_1_251' title='bbox 448 4487 595 4585; x_wconf 91' lang='lat' dir='ltr'>dictum</span> <span class='ocrx_word' id='word_1_252' title='bbox 611 4509 735 4581; x_wconf 91' lang='lat' dir='ltr'>Breue</span> <span class='ocrx_word' id='word_1_253' title='bbox 751 4504 920 4603; x_wconf 81' lang='lat' dir='ltr'>recepisse</span> <span class='ocrx_word' id='word_1_254' title='bbox 944 4505 1139 4580; x_wconf 84' lang='lat' dir='ltr'>dicebatur</span> <span class='ocrx_word' id='word_1_255' title='bbox 1162 4504 1229 4579; x_wconf 90' lang='lat' dir='ltr'>fibi</span> <span class='ocrx_word' id='word_1_256' title='bbox 1246 4532 1273 4605; x_wconf 81' lang='lat' dir='ltr'>q</span> <span class='ocrx_word' id='word_1_257' title='bbox 1290 4503 1385 4578; x_wconf 90' lang='lat' dir='ltr'>illud</span> <span class='ocrx_word' id='word_1_258' title='bbox 1402 4505 1526 4579; x_wconf 90' lang='lat' dir='ltr'>Breue</span> <span class='ocrx_word' id='word_1_259' title='bbox 1546 4513 1713 4580; x_wconf 88' lang='lat' dir='ltr'>retornet</span> <span class='ocrx_word' id='word_1_260' title='bbox 1727 4507 1829 4583; x_wconf 88' lang='lat' dir='ltr'>scdm</span> 
     </span>
     <span class='ocr_line' id='line_1_27' title="bbox 398 4658 1831 4761; baseline -0.003 -17"><span class='ocrx_word' id='word_1_261' title='bbox 398 4666 669 4744; x_wconf 81' lang='lat' dir='ltr'>continenciam</span> <span class='ocrx_word' id='word_1_262' title='bbox 687 4662 779 4736; x_wconf 88' lang='lat' dir='ltr'>dicti</span> <span class='ocrx_word' id='word_1_263' title='bbox 794 4659 941 4736; x_wconf 85' lang='lat' dir='ltr'>breuis·</span> <span class='ocrx_word' id='word_1_264' title='bbox 984 4660 1066 4748; x_wconf 84' lang='lat' dir='ltr'>Qui</span> <span class='ocrx_word' id='word_1_265' title='bbox 1082 4658 1273 4760; x_wconf 87' lang='lat' dir='ltr'>respondit</span> <span class='ocrx_word' id='word_1_266' title='bbox 1287 4687 1313 4761; x_wconf 90' lang='lat' dir='ltr'>q</span> <span class='ocrx_word' id='word_1_267' title='bbox 1329 4660 1444 4737; x_wconf 93' lang='lat' dir='ltr'>breue</span> <span class='ocrx_word' id='word_1_268' title='bbox 1465 4660 1560 4736; x_wconf 91' lang='lat' dir='ltr'>illud</span> <span class='ocrx_word' id='word_1_269' title='bbox 1576 4685 1655 4736; x_wconf 91' lang='lat' dir='ltr'>non</span> <span class='ocrx_word' id='word_1_270' title='bbox 1671 4662 1831 4741; x_wconf 84' lang='lat' dir='ltr'>habebat</span> 
     </span>
     <span class='ocr_line' id='line_1_28' title="bbox 400 4802 1830 4912; baseline -0.003 -20"><span class='ocrx_word' id='word_1_271' title='bbox 400 4814 541 4892; x_wconf 90' lang='lat' dir='ltr'>ibidem</span> <span class='ocrx_word' id='word_1_272' title='bbox 555 4838 569 4888; x_wconf 85' lang='lat'><em>1</em></span> <span class='ocrx_word' id='word_1_273' title='bbox 585 4810 676 4912; x_wconf 86' lang='lat' dir='ltr'>quia</span> <span class='ocrx_word' id='word_1_274' title='bbox 700 4806 797 4885; x_wconf 89' lang='lat' dir='ltr'>illud</span> <span class='ocrx_word' id='word_1_275' title='bbox 827 4802 1019 4883; x_wconf 78' lang='lat' dir='ltr'>Conccllai</span> <span class='ocrx_word' id='word_1_276' title='bbox 1047 4804 1114 4881; x_wconf 88' lang='lat' dir='ltr'>suo</span> <span class='ocrx_word' id='word_1_277' title='bbox 1145 4805 1302 4889; x_wconf 75' lang='lat' dir='ltr'>tradidit</span> <span class='ocrx_word' id='word_1_278' title='bbox 1315 4832 1329 4881; x_wconf 82' lang='lat' dir='ltr'>r</span> <span class='ocrx_word' id='word_1_279' title='bbox 1342 4815 1382 4882; x_wconf 93' lang='lat' dir='ltr'>et</span> <span class='ocrx_word' id='word_1_280' title='bbox 1411 4805 1662 4885; x_wconf 80' lang='lat' dir='ltr'>Cancellariua</span> <span class='ocrx_word' id='word_1_281' title='bbox 1687 4810 1830 4889; x_wconf 87' lang='lat' dir='ltr'>ibidem</span> 
     </span>
    </p>
   </div>
   <div class='ocr_carea' id='block_1_8' title="bbox 0 0 2246 5908">
    <p class='ocr_par' dir='ltr' id='par_1_8' title="bbox 0 0 2246 5908">
     <span class='ocr_line' id='line_1_29' title="bbox 0 0 2246 5908; baseline 0 0"><span class='ocrx_word' id='word_1_282' title='bbox 0 0 2246 5908; x_wconf 95' lang='lat' dir='ltr'> </span> 
     </span>
    </p>
   </div>
  </div>
 </body>
</html>
