4440 5916
1054 495 1125 566 132

370 707 512 807 Hogge
528 706 590 784 del
608 706 759 783 Counte
776 707 825 782 de
840 707 1095 808 Rokesburgh
1108 735 1121 782 t
1133 708 1220 782 Eue
1236 730 1284 805 qe
1301 705 1365 780 fut
1380 704 1416 778 la
1430 673 1571 782 femme
1591 707 1812 784 Mauoolom

369 854 417 928 de
435 855 739 955 Femyndraugh
756 881 765 930 ι
781 853 843 929 del
860 858 1011 931 Counte
1027 854 1076 927 de
1092 853 1299 929 Abredehs
1318 853 1440 928 salua·
1469 855 1551 929 Pur
1567 878 1633 929 ceo
1650 879 1699 953 qe
1715 879 1816 931 nous

372 1003 494 1075 sumes
510 1025 635 1076 venuz
653 1004 674 1074 a
691 1001 727 1074 la
743 999 798 1074 foi
815 1004 837 1074 e
854 1024 876 1072 a
891 999 928 1073 la
945 1000 1105 1074 uolunte
1116 1000 1170 1075 du
1187 1000 1371 1074 tresnoble
1389 1002 1525 1075 Prince
1542 1005 1563 1075 έ
1580 1001 1702 1078 nostre
1718 1004 1820 1078 chier

372 1113 586 1247 Seigneur't
607 1147 686 1223 Sire
704 1147 872 1222 Edward
888 1172 956 1247 par
971 1147 1008 1220 la
1023 1170 1133 1246 grace
1149 1147 1248 1221 Dieu
1278 1147 1358 1222 Roi
1381 1122 1594 1246 Dengle‘the
1608 1174 1617 1224 s
1632 1150 1818 1250 Seigneur

372 1293 537 1367 Dirland
552 1298 600 1368 te
631 1293 739 1368 Duos
770 1293 1032 1393 Daquitaigne
1047 1319 1056 1368 ι
1070 1317 1167 1368 nous
1195 1302 1443 1393 promettoms
1472 1319 1546 1393 pur
1572 1318 1668 1371 nous
1696 1300 1717 1370 έ
1744 1299 1820 1396 p'ur

373 1466 441 1516 nos
457 1441 555 1515 heirs
572 1442 633 1516 sur
657 1443 768 1541 peine
793 1441 841 1514 de
868 1465 948 1515 cors
978 1445 999 1515 e
1026 1440 1218 1515 dauoirte
1244 1442 1305 1516 sur
1329 1442 1416 1539 q‘nt
1439 1465 1488 1540 qe
1512 1465 1608 1516 nous
1635 1442 1824 1542 peuffoms

374 1613 534 1664 encoure
547 1615 556 1664 ι
570 1612 618 1688 qe
644 1612 742 1663 nous
771 1587 809 1688 ly
832 1589 1030 1662 seruiroms
1058 1587 1147 1662 bien
1173 1593 1195 1662 e
1219 1587 1411 1663 lesument
1427 1598 1557 1663 contre
1583 1597 1681 1664 totes
1705 1599 1821 1690 genta

373 1739 441 1836 qui
466 1744 627 1836 purront
643 1736 752 1810 viure
768 1736 791 1807 e
807 1734 923 1808 morir
951 1742 1049 1807 totes
1078 1732 1132 1807 les
1158 1734 1232 1806 foiz
1262 1758 1312 1831 qe
1336 1757 1433 1809 nous
1454 1736 1610 1808 serroms
1625 1738 1752 1834 requis
1767 1761 1820 1813 ou

372 1883 502 1982 gamin
533 1883 581 1956 de
605 1907 673 1982 par
699 1889 766 1957 nfe
792 1882 976 1980 Seigneur
1003 1878 1039 1954 le
1056 1879 1144 1980 Roy
1162 1855 1374 1980 Denglehe
1397 1881 1575 1956 auantdit
1598 1906 1651 1957 ou
1675 1884 1822 1983 parfes

373 2033 472 2106 heirs
485 2057 498 2104 t
513 2035 534 2105 έ
552 2054 600 2130 qe
617 2053 713 2104 nous
741 2028 824 2103 leur
849 2028 1007 2127 damage
1032 2052 1081 2103 ne
1107 2028 1271 2102 sauroms
1288 2051 1336 2127 qe
1362 2051 1459 2102 nous
1483 2027 1547 2102 nel
1570 2028 1823 2106 destorbeoms

375 2181 396 2253 a
422 2187 481 2254 tot
506 2183 573 2255 n'fe
597 2201 718 2277 poert
739 2180 761 2250 έ
785 2174 820 2249 le
844 2175 927 2249 leur
950 2175 1307 2250 faoeomsasauoir·
1348 2176 1385 2249 E
1402 2176 1424 2248 ί
1440 2175 1553 2250 cestes
1578 2176 1703 2254 choses
1725 2180 1824 2254 tenir

377 2331 398 2402 έ
427 2326 562 2426 garder
581 2348 704 2399 tnous
729 2323 937 2423 obligeoms
961 2346 1058 2397 nous
1075 2325 1123 2396 16
1152 2345 1220 2396 nos
1244 2322 1401 2398 heirsre
1434 2332 1525 2399 touz
1555 2348 1623 2400 nos
1651 2325 1823 2405 biensre
1919 2359 1921 2362 ·

376 2483 486 2549 outre
502 2496 568 2546 oeo
584 2494 717 2545 auoms
727 2470 837 2568 jurea
863 2471 925 2543 sur
942 2470 1088 2544 Seintes
1105 2468 1351 2569 Eu‘ngeiles·
1379 2462 1488 2545 Estre
1504 2494 1571 2547 ceo
1589 2496 1686 2548 nous
1702 2481 1822 2550 tona!

375 2625 400 2696 έ
417 2621 574 2695 chescun
591 2618 640 2693 de
656 2641 753 2693 nous
769 2641 837 2716 par
861 2618 913 2691 soi
929 2639 1084 2692 sauoms
1107 2615 1176 2690 fait
1200 2616 1327 2693 feaute
1339 2641 1389 2692 ea
1405 2623 1474 2694 nfe
1491 2618 1673 2717 Seignenr
1688 2618 1726 2728 le
1742 2620 1822 2695 Roi

377 2767 611 2844 auantditen
625 2766 737 2841 cestes
749 2763 908 2865 paroles·
935 2762 1244 2840 Jeoserraifeale
1257 2761 1819 2863 lealtefoieleauteporterait

377 2943 427 2993 au
444 2917 523 2997 Roi
536 2913 808 2990 EdwardtRoi
821 2884 1081 3011 Dengle‘thete
1098 2911 1119 2987 a
1134 2912 1189 2985 ses
1204 2911 1377 2987 heirsrde
1389 2912 1450 2985 vie
1463 2915 1484 2985 έ
1496 2912 1545 2987 de
1556 2911 1761 2989 menbrete
1773 2912 1823 2989 de

378 3038 479 3138 Prien
491 3063 791 3136 honeurroontre
804 3067 901 3135 totes
913 3067 1029 3159 genta
1040 3060 1108 3158 qui
1120 3067 1281 3158 purront
1292 3059 1400 3133 viure
1413 3083 1465 3133 ou
1478 3060 1654 3134 morirte
1659 3059 1822 3158 jammes

379 3234 454 3309 pur
474 3209 567 3308 nuly
578 3203 698 3282 armes
714 3230 763 3280 ne
779 3209 942 3306 porterai
956 3233 969 3281 t
983 3230 1059 3281 nen
1075 3205 1211 3281 conseil
1227 3229 1302 3280 nen
1320 3206 1403 3281 eide
1418 3230 1468 3281 ne
1482 3207 1594 3282 serroi
1610 3215 1740 3283 contre
1755 3206 1823 3311 luy

379 3380 430 3431 ne
446 3364 574 3430 contre
590 3358 645 3430 ses
661 3354 759 3428 heirs
775 3380 784 3429 ι
801 3377 848 3427 en
865 3353 936 3428 nul
957 3377 1017 3428 eas
1034 3380 1084 3453 qe
1098 3361 1188 3452 poet
1204 3355 1336 3428 auenir
1349 3353 1404 3428 tfi
1429 3355 1528 3429 Dieu
1552 3380 1615 3429 me
1632 3355 1716 3431 eide
1732 3359 1754 3429 έ
1769 3355 1825 3431 les

382 3504 535 3581 Seintz·
573 3501 637 3575 En
662 3500 938 3598 tesmoignance
964 3498 1030 3573 des
1059 3523 1181 3597 quens
1207 3499 1331 3573 choses
1356 3523 1452 3574 nous
1478 3525 1611 3577 auoms
1635 3501 1707 3575 fait
1730 3504 1823 3578 faire

382 3652 494 3728 oestes
510 3650 639 3724 lettres
655 3655 803 3722 ouertes
819 3643 951 3721 sealees
968 3644 1017 3719 de
1032 3667 1101 3720 nos
1115 3645 1244 3719 seans·
1283 3646 1439 3721 Donees
1466 3652 1545 3748 [qe.
1563 3657 1606 3724 ut
1619 3650 1773 3751 cupra]

384 3928 513 4022 Item·
566 3947 608 4020 A
625 3952 715 4020 toua
741 3965 850 4018 oenus
867 3943 936 4041 qui
952 3943 1064 4018 cestes
1087 3942 1216 4018 lettres
1232 3951 1386 4019 verront
1409 3967 1462 4018 ou
1485 3952 1615 4018 orront
1633 3944 1822 4021 ‘Matheu

382 4089 418 4163 le
450 4091 579 4187 Naper
607 4090 655 4163 de
684 4089 889 4190 Aghelekr
909 4090 1138 4165 Alisaundre
1164 4089 1201 4165 le
1228 4091 1358 4166 Sanser
1389 4089 1438 4165 de
1467 4088 1726 4188 Innerkethyn
1759 4089 1822 4164 del

383 4237 534 4312 Counte
551 4235 599 4308 de
616 4235 772 4311 Forfare
783 4263 797 4311 t
808 4238 835 4311 J
836 4237 934 4311 ohan
951 4237 1013 4312 del
1030 4238 1146 4338 Hage
1161 4236 1223 4312 del
1241 4240 1393 4314 Counte
1416 4236 1464 4309 de
1488 4232 1700 4334 Berewyht
1714 4233 1825 4312 Rauf

383 4384 431 4457 de
447 4381 705 4480 Champaigne
719 4407 728 4457 s
742 4382 803 4456 del
821 4384 973 4458 Counte
995 4383 1043 4456 de
1060 4384 1262 4482 Wygeton
1276 4381 1477 4458 JWiuiam
1493 4381 1588 4456 Prat
1598 4407 1612 4455 t
1623 4381 1755 4458 Adam
1772 4383 1822 4459 de

384 4526 640 4606 Gibelotestoh
657 4525 718 4599 del
736 4527 887 4602 Counte
903 4528 951 4601 de
968 4527 1053 4626 Fyf
1062 4553 1071 4602 ι
1083 4527 1231 4602 Robert
1248 4527 1297 4601 de
1309 4527 1581 4626 Oghtergeuen
1597 4528 1659 4604 del
1669 4530 1822 4609 Counte

384 4680 432 4755 de
449 4673 567 4752 Perth
583 4671 785 4748 ‘William
811 4673 860 4747 de
877 4671 1052 4747 Maleuih
1067 4697 1077 4749 s
1093 4671 1155 4747 del
1172 4673 1323 4747 Counte
1339 4674 1387 4748 de
1403 4673 1654 4778 Rokesburgh
1668 4703 1678 4754 r
1692 4680 1721 4754 J
1721 4678 1821 4757 ohan

384 4829 433 4915 de
449 4820 765 4907 Hirdemanestoh
793 4820 855 4896 del
884 4820 1036 4898 Counte
1065 4820 1114 4902 de
1138 4821 1532 4924 Bmwyhtwnliam
1557 4826 1593 4902 le
1610 4826 1756 4905 Taillur
1771 4825 1822 4902 de
