4402 5918
1047 536 1119 613 119

365 735 494 831 Item·
529 750 572 826 A
591 756 681 825 touz
711 771 821 823 eeaus
844 748 914 848 qui
940 748 1053 823 oestes
1080 747 1208 822 lettres
1232 752 1385 820 verront
1411 768 1463 820 ou
1487 753 1616 818 orront
1632 771 1645 819 ι
1660 744 1800 821 Malis!

363 898 501 973 comte
534 896 583 971 de
617 894 810 971 Stratherd
827 919 837 969 r
852 893 980 970 Johan
1013 891 1161 994 Comyn
1196 892 1334 968 Comte
1367 891 1415 965 de
1449 890 1632 965 Bouohan
1647 917 1661 964 r
1676 890 1802 966 Johan

363 1043 516 1144 Comyn
532 1042 581 1118 de
597 1041 801 1142 Badenagh
814 1067 828 1114 t
840 1039 1046 1151 unenadd
1062 1039 1200 1115 Comte
1224 1037 1273 1114 de
1298 1041 1381 1113 Mar
1393 1063 1407 1110 t
1418 1036 1647 1114 Alisaundre
1664 1039 1803 1113 Comte

362 1188 411 1264 de
445 1189 647 1264 Meneteth
665 1215 679 1263 ι
696 1188 724 1263 J
724 1212 826 1263 ames
860 1185 1053 1264 Seuesohal
1094 1186 1260 1261 Desoooe
1278 1218 1292 1258 t
1310 1184 1532 1260 Maukelom
1575 1184 1712 1261 Comte
1754 1184 1802 1260 de

363 1335 592 1412 Leuenansi
612 1334 784 1411 William
811 1333 948 1409 Comte
977 1332 1026 1408 de
1056 1331 1301 1410 Southirland
1315 1331 1464 1410 rJohan
1483 1330 1531 1405 de
1549 1330 1729 1407 Striuelin
1754 1331 1803 1406 de

364 1481 545 1557 Morreue
563 1480 756 1555 ‘William
782 1480 831 1555 de
847 1479 1027 1556 Moneue
1052 1479 1236 1579 seigneur
1265 1477 1314 1553 de
1343 1478 1540 1553 Botheuitt
1567 1476 1802 1555 rAlisandre

364 1629 513 1729 Comin
526 1654 542 1704 t
555 1628 670 1704 Brian
686 1628 770 1703 fiuz
787 1626 915 1727 Aleirn
929 1653 938 1703 ι
954 1625 1120 1701 Renaud
1134 1625 1171 1700 le
1185 1625 1315 1701 Cheen
1328 1651 1341 1699 ι
1353 1624 1529 1700 William
1546 1623 1595 1699 de
1610 1623 1648 1697 la
1664 1624 1801 1724 Hayer

362 1773 476 1850 Nieoi
493 1774 652 1853 Cambel
664 1801 677 1849 r
691 1773 854 1873 Phelipp
882 1772 930 1847 de
953 1771 991 1846 la
1007 1771 1116 1871 Leye
1128 1798 1142 1845 r
1156 1771 1184 1847 J
1184 1771 1283 1846 ohan
1298 1771 1348 1846 de
1366 1770 1533 1846 Calentir
1546 1796 1560 1843 t
1573 1770 1737 1845 Andreu
1754 1769 1803 1844 de

364 1920 573 1997 Montoour
588 1946 601 1993 ι
614 1919 814 1996 Alisandre
845 1917 1146 2016 FreseltPheliii
1173 1918 1221 1991 de
1247 1917 1454 2016 Lindeseye
1468 1942 1482 1989 t
1496 1916 1622 1992 Johan
1640 1917 1688 1991 de
1706 1917 1804 1991 Can·

363 2068 444 2143 telu
458 2094 472 2141 r
485 2070 508 2142 6
523 2066 724 2143 Alisandre
752 2064 801 2139 de
828 2064 1041 2164 Lindeseye
1068 2062 1264 2138 chiualiers
1291 2064 1416 2138 saluz·
1444 2063 1527 2138 Pur
1551 2087 1617 2136 ceo
1632 2086 1681 2161 qe
1705 2087 1802 2137 nous

364 2213 487 2287 sumes
503 2237 629 2288 uenuz
652 2213 673 2285 t
689 2211 726 2285 la
741 2211 794 2285 foi
816 2216 838 2286 6
863 2213 884 2285 ἐι
908 2210 943 2284 la
959 2210 1119 2286 uolunte
1135 2210 1189 2283 du
1206 2209 1389 2284 trethoble
1405 2211 1541 2285 Prinne
1555 2213 1602 2283 16
1618 2215 1685 2284 nie
1702 2210 1803 2284 chier

366 2358 549 2459 seigneur
566 2386 580 2433 t
599 2358 679 2434 Sire
695 2356 863 2433 Edward
879 2382 946 2457 par
961 2357 997 2432 la
1011 2380 1122 2457 graoe
1138 2357 1243 2431 Dieu
1269 2357 1348 2432 Roi
1365 2328 1576 2454 Dengle‘the
1591 2382 1604 2429 ι
1620 2356 1802 2456 Seigneur

367 2503 531 2578 Dirland
546 2507 594 2580 16
618 2504 729 2578 Duos
758 2503 1153 2603 Daquitaignernous
1176 2510 1425 2602 promettoms
1449 2527 1524 2602 pur
1551 2526 1648 2577 nous
1676 2507 1699 2578 6
1728 2528 1803 2603 pur

259 2632 264 2643 ’
364 2674 433 2725 nos
460 2648 584 2724 heirsr
599 2651 660 2724 sur
683 2650 794 2749 peine
819 2649 868 2725 de
892 2673 972 2725 oors
989 2652 1011 2724 6
1028 2648 1160 2724 dauoir
1172 2651 1220 2723 16
1248 2651 1310 2723 sur
1337 2649 1471 2749 q‘ntqe
1494 2673 1591 2725 nous
1615 2650 1800 2748 peuffoms

363 2819 523 2872 enooure
536 2823 550 2870 t
563 2821 612 2896 qe
627 2820 723 2871 noua
738 2796 767 2870 li
783 2796 980 2872 seruiroma
996 2796 1084 2871 bien
1097 2799 1119 2871 6
1131 2795 1325 2871 lenument
1340 2805 1468 2885 contre
1484 2804 1582 2872 totes
1598 2806 1713 2898 gentz
1731 2799 1800 2896 qui

362 2952 524 3041 purront
539 2943 647 3018 viure
664 2947 685 3018 6
702 2942 818 3017 morir
830 2951 927 3017 totes
943 2943 997 3017 les
1012 2942 1088 3029 foiz
1105 2968 1154 3043 qe
1169 2967 1266 3019 nous
1282 2945 1437 3018 serroms
1453 2943 1579 3043 requio
1601 2969 1652 3019 ou
1668 2947 1798 3044 garnie

363 3087 411 3163 de
440 3114 507 3189 par
535 3093 602 3164 nie
621 3088 803 3207 seigneur
831 3088 868 3164 le
887 3090 966 3166 Roi
982 3064 1195 3190 Dengle‘the
1216 3090 1477 3166 auantditrou
1507 3115 1575 3190 par
1600 3092 1654 3165 seo
1672 3090 1797 3166 heire!

363 3239 385 3309 6
414 3257 463 3334 qe
489 3258 586 3310 nous
610 3235 694 3310 leur
717 3235 875 3336 damage
897 3260 946 3311 ne
961 3238 1126 3312 sauroms
1141 3261 1214 3337 rqe
1237 3261 1334 3327 nous
1358 3237 1421 3311 nel
1437 3236 1686 3312 destorbeoms
1703 3239 1724 3311 i
1741 3248 1800 3313 tot

362 3385 429 3456 n'r‘e
453 3405 544 3480 poer
570 3408 584 3456 ι
606 3384 629 3455 6
652 3381 689 3457 le
716 3381 799 3458 leur
824 3381 988 3459 faoeorns
1012 3385 1032 3457 d
1057 3383 1199 3459 sauoir·
1255 3384 1293 3457 Ε
1320 3385 1342 3457 ai
1370 3385 1482 3459 oestes
1506 3383 1630 3463 choses
1655 3387 1754 3461 tenir
1777 3389 1800 3460 6

364 3525 524 3625 gaideri
537 3550 635 3602 nous
651 3528 858 3629 obligeoms
874 3553 970 3604 nous
990 3532 1012 3604 6
1028 3553 1097 3604 noo
1122 3529 1220 3604 heire
1232 3555 1245 3603 ι
1259 3532 1282 3604 6
1297 3539 1388 3605 touz
1417 3555 1486 3604 nos
1510 3530 1616 3606 biens
1630 3536 1674 3607 16
1691 3541 1800 3607 outre

364 3695 430 3745 oeo
447 3695 578 3746 auoms
590 3673 700 3771 jurez
717 3675 780 3750 sur
803 3675 937 3748 seintes
954 3674 1175 3774 Eu‘ngeiles
1189 3716 1199 3738 ·
1214 3674 1251 3748 E
1268 3679 1364 3775 puis
1380 3701 1476 3758 nous
1492 3685 1584 3751 touz
1602 3680 1623 3751 6
1640 3676 1798 3754 chescun

363 3816 412 3891 de
428 3840 523 3891 nous
540 3841 607 3915 par
631 3818 683 3891 soi
709 3841 842 3893 auoms
867 3818 935 3893 fait
953 3819 1114 3920 homage
1130 3822 1151 3894 a
1167 3825 1235 3896 nie
1253 3821 1437 3920 Seigneur
1452 3820 1487 3894 le
1504 3823 1582 3898 Roi
1599 3824 1798 3897 auantditr

365 3988 413 4038 en
430 3963 542 4038 cestes
558 3961 725 4062 paroles·
751 3964 779 4040 J
779 3987 825 4039 eo
841 3965 994 4040 deuenh
1009 3966 1130 4041 vostre
1145 3966 1259 4040 home
1274 3967 1350 4066 lige
1367 3967 1415 4041 de
1431 3968 1493 4042 vie
1509 3970 1532 4041 6
1548 3968 1597 4042 de
1619 3969 1773 4043 menbre
1788 3997 1797 4043 e

363 4114 386 4185 6
403 4110 452 4185 de
468 4082 566 4184 ‘dien
584 4110 730 4186 honeur
749 4136 760 4186 1
779 4118 908 4185 oontre
923 4119 1021 4186 totes
1037 4119 1153 4211 gentz
1169 4113 1238 4211 qui
1254 4120 1414 4212 purront
1430 4114 1538 4189 viure
1554 4115 1576 4189 6
1592 4116 1730 4190 morir-
1762 4119 1799 4191 E

366 4258 522 4332 mesmes
550 4255 657 4358 celuy
689 4261 757 4332 nie
787 4248 970 4357 Seign'eur
997 4257 1033 4332 le
1048 4257 1127 4335 Roi
1154 4257 1191 4332 le
1218 4257 1268 4334 ad
1291 4261 1415 4335 resceu
1449 4285 1496 4335 en
1530 4261 1625 4336 oeste
1656 4261 1797 4338 forme·

365 4403 476 4479 Nous
492 4403 528 4478 le
544 4427 736 4480 reoeuoms
753 4405 818 4478 dee
833 4375 911 4479 ‘theo
926 4403 1050 4481 dount
1065 4428 1160 4481 vous
1177 4408 1269 4481 estes
1285 4431 1348 4482 ore
1365 4408 1471 4509 seith!
1482 4410 1596 4483 sauue
1618 4415 1686 4485 nie
1702 4411 1800 4485 dreit

365 4553 387 4622 6
404 4549 503 4625 antri
517 4551 564 4624 16
581 4551 655 4637 fors
671 4551 747 4650 pris
768 4549 821 4625 les
836 4522 913 4626 ‘thes
928 4577 941 4625 ι
954 4551 1008 4627 les
1023 4552 1153 4653 quelee
1168 4552 1197 4630 J
1197 4552 1296 4628 ohan
1311 4552 1360 4628 de
1376 4554 1513 4629 Baillol
1537 4556 1606 4655 qui
1629 4556 1705 4632 fust
1721 4559 1798 4634 Roi

367 4695 534 4771 Desooee
561 4720 657 4773 vous
685 4698 785 4773 dona
816 4704 913 4800 puio
940 4723 990 4799 qe
1021 4723 1118 4775 nous
1150 4700 1189 4802 li
1217 4724 1345 4775 eumes
1374 4701 1518 4777 renduz
1545 4701 1582 4776 le
1609 4703 1799 4779 Roiaume

367 4842 534 4919 Desooee
547 4869 561 4921 t
574 4845 612 4921 Ε
629 4845 703 4921 fora
719 4845 796 4946 pris
822 4845 956 4922 auffint
972 4846 1068 4923 oelet
1082 4846 1136 4922 les
1152 4847 1281 4947 queles
1305 4871 1401 4924 nous
1423 4873 1551 4924 eumes
1575 4852 1665 4950 seify
1686 4862 1803 4927 auant
