4440 5916
1058 510 1132 585 127

368 741 419 800 en
437 724 551 799 cestes
567 722 736 823 paroles·
762 722 836 800 Jeo
853 721 1007 798 deuenr
1025 721 1145 799 vostre
1161 720 1276 796 home
1295 719 1372 820 lige
1389 721 1438 796 de
1454 721 1516 797 vie
1531 725 1554 796 e
1571 721 1619 796 de
1634 722 1815 798 menbrer

368 872 459 947 ede
474 844 575 947 ‘trien
591 871 886 946 honurreontre
913 878 1012 945 totes
1041 878 1160 969 gentz
1177 869 1247 969 qui
1272 878 1436 968 purront
1465 870 1573 944 viure
1598 874 1619 943 έ
1646 871 1763 944 morir
1779 871 1816 947 E

369 1019 527 1097 mesmes
555 1017 664 1118 celuy
691 1018 815 1095 nostre
832 1017 1018 1117 seigneur
1034 1015 1071 1093 le
1087 1014 1244 1092 Roirle
1268 1015 1317 1090 ad
1343 1039 1453 1091 reoeu
1481 1039 1529 1090 en
1551 1017 1647 1092 ceste
1662 1015 1813 1091 forme·

368 1166 479 1244 Nous
494 1165 531 1241 le
546 1188 739 1242 reoeuoms
755 1165 821 1240 des
836 1136 914 1240 ‘tres
923 1163 1047 1239 dount
1059 1186 1155 1239 vous
1168 1163 1261 1238 ester
1271 1173 1342 1239 'ore
1356 1162 1473 1264 seispr
1490 1163 1617 1240 Sauue
1633 1167 1701 1239 nte
1718 1165 1818 1238 dreit

369 1318 392 1389 ἐ
408 1313 510 1388 autri
520 1316 568 1389 re
583 1313 660 1389 fore
675 1314 753 1413 pris
769 1311 823 1388 les
842 1283 919 1389 pres
944 1311 999 1386 les
1014 1310 1146 1412 queles
1161 1309 1289 1388 Johan
1315 1310 1364 1386 de
1386 1309 1531 1386 'Baillol
1559 1311 1628 1410 qui
1656 1311 1719 1387 fut
1737 1310 1817 1389 Roi

256 1453 257 1457 ‘
369 1461 536 1536 Descooe
549 1487 563 1535 r
577 1483 673 1536 vous
705 1458 805 1536 dona
838 1466 934 1561 puys
953 1482 1004 1560 qe
1034 1482 1133 1535 nous
1165 1457 1195 1534 li
1224 1480 1354 1534 eumer
1386 1457 1532 1533 renduz
1556 1457 1594 1533 le
1623 1458 1815 1534 Roiaume

369 1609 560 1684 Deseoee·
586 1609 624 1685 E
641 1608 716 1685 fors
731 1609 808 1706 pris
823 1605 920 1682 celes
935 1607 1060 1683 ausint
1073 1633 1086 1681 r
1101 1606 1156 1681 les
1183 1604 1313 1704 queles
1330 1627 1428 1680 nous
1446 1628 1576 1680 eumer
1591 1605 1681 1705 seit?
1696 1614 1815 1680 auant

367 1769 435 1830 ceo
448 1779 500 1855 qe
515 1778 612 1831 vous
626 1753 742 1829 fuffez
758 1778 884 1828 venuz
902 1755 923 1827 t
939 1760 1008 1828 nte
1022 1756 1113 1852 pets
1128 1793 1138 1814 ·
1166 1752 1276 1827 Estre
1292 1775 1359 1828 oeo
1382 1760 1479 1827 nous
1505 1758 1597 1827 touz
1614 1752 1813 1829 echescun

368 1905 418 1977 de
432 1924 529 1977 nous
546 1925 614 2000 par
627 1903 691 2002 foy
706 1924 840 1976 auome
856 1899 925 1976 fait
940 1899 1069 1976 seaute
1084 1924 1108 1974 a
1124 1904 1192 1973 nte
1210 1899 1394 1999 seigneur
1409 1899 1446 1973 le
1462 1900 1542 1974 Roi
1567 1900 1742 1975 auantdit
1766 1923 1815 1974 en

368 2049 483 2124 testes
498 2046 664 2146 paroles·
689 2047 763 2123 Jeo
786 2045 896 2121 setrai
919 2044 994 2121 feel
1009 2049 1033 2121 6
1049 2045 1182 2121 lealre
1197 2044 1251 2120 foi
1278 2049 1301 2121 έ
1328 2045 1454 2120 lenute
1480 2048 1644 2144 porterai
1671 2071 1721 2121 au
1738 2046 1816 2122 Roi

368 2194 538 2270 Edward
553 2194 633 2269 Rei
649 2168 863 2293 DenglePre
877 2196 927 2268 re
958 2216 981 2266 a
1007 2193 1062 2269 see
1089 2192 1188 2268 heire
1202 2218 1216 2266 ι
1230 2192 1279 2268 de
1305 2193 1369 2268 vie
1395 2195 1418 2267 έ
1445 2192 1496 2267 de
1522 2192 1678 2267 menbre
1691 2196 1742 2267 re
1765 2192 1813 2267 de

367 2315 469 2417 Prien
485 2341 631 2417 honeur
647 2349 776 2416 contre
792 2349 894 2416 totez
911 2347 1027 2441 genta
1044 2341 1115 2441 qui
1136 2344 1299 2440 purront
1315 2341 1424 2416 viure
1448 2365 1500 2416 ou
1524 2341 1641 2414 morir
1655 2366 1669 2413 r
1682 2344 1704 2415 έ
1715 2340 1814 2438 jam·

369 2512 449 2564 mes
466 2512 540 2587 pur
554 2488 649 2589 nuly
663 2511 784 2564 ermes
800 2510 850 2562 ne
865 2486 1028 2587 porterai
1041 2513 1055 2561 r
1066 2509 1141 2563 nen
1154 2486 1291 2562 conseil
1302 2511 1377 2563 nen
1395 2487 1480 2563 eide
1495 2511 1545 2561 ne
1560 2488 1669 2562 serrai
1685 2495 1814 2563 contre

368 2637 487 2710 lirne
503 2644 633 2711 oontre
648 2636 702 2711 ses
718 2634 903 2710 heirsren
929 2633 1003 2710 nul
1028 2656 1089 2710 eae
1105 2659 1182 2735 que
1212 2642 1304 2734 poet
1330 2636 1524 2712 auenirre
1548 2635 1742 2711 leaument
1757 2659 1814 2712 re-

368 2784 628 2882 eonustr'eyre
644 2782 839 2859 leaument
867 2782 940 2857 froi
968 2781 1023 2863 les
1046 2781 1203 2857 seruices
1218 2807 1267 2881 qe
1292 2791 1513 2882 apartenent
1537 2806 1576 2855 as
1595 2791 1812 2858 tenementz

369 2952 419 3029 qe
428 2929 494 3027 jeo
509 2928 629 3030 cleym
646 2930 746 3005 tenir
762 2930 810 3003 de
825 2929 865 3029 ly
880 2929 933 3005 rfi
951 2914 1058 3004 Dierr
1074 2953 1139 3006 me
1153 2929 1237 3004 eide
1253 2952 1276 3003 e
1291 2928 1344 3004 lee
1357 2929 1510 3006 Seintz·
1536 2930 1601 3005 En
1614 2931 1815 3030 tefinoign-

370 3100 462 3151 anoe
478 3076 544 3151 des
567 3100 690 3176 queue
706 3076 831 3152 choses
844 3102 857 3150 r
869 3100 966 3152 nous
996 3099 1130 3152 auoms
1158 3077 1227 3152 fait
1252 3076 1343 3152 faire
1369 3076 1482 3152 eestee
1506 3076 1636 3152 lettres
1665 3087 1814 3153 ouertee

368 3222 506 3298 sealees
522 3223 571 3298 de
586 3246 655 3300 nos
670 3224 797 3299 senus·
851 3224 1007 3300 Donees
1036 3228 1117 3326 [850.
1133 3228 1177 3300 ut
1192 3225 1343 3324 supra]

371 3495 500 3590 Item·
551 3516 594 3589 A
619 3525 711 3592 touz
737 3539 847 3591 eeaus
871 3518 941 3615 qui
969 3516 1083 3591 testes
1106 3515 1236 3591 lettres
1266 3524 1419 3592 verront
1436 3540 1489 3592 ou
1512 3526 1642 3593 orront
1656 3546 1669 3593 ι
1684 3519 1814 3594 Adam

369 3657 417 3733 de
443 3658 535 3757 Ηεβ
549 3685 563 3733 r
576 3660 704 3734 Johan
729 3659 779 3735 de
808 3661 968 3736 Harden
989 3687 999 3736 ι
1019 3659 1189 3737 Richard
1219 3661 1268 3737 de
1295 3662 1543 3738 Chesehelfi'rr
1559 3664 1737 3739 Wautier
1767 3665 1815 3739 de

370 3804 764 3905 Burghdofitltobert
788 3807 942 3882 Grundi
967 3806 1017 3882 de
1043 3806 1238 3882 Neictofir
1253 3806 1401 3883 Robert
1417 3808 1593 3910 Walugh
1618 3810 1667 3885 de
1692 3811 1814 3909 Ηεῇι

371 3949 537 4026 Thomas
549 3951 598 4026 de
605 3951 963 4029 Roule1Williame
974 3953 1025 4028 de
1041 3953 1291 4052 Famingdoii
1305 3954 1470 4055 rRogier
1481 3956 1531 4030 de
1542 3955 1817 4057 Midelburgtrr

367 4103 495 4180 Johan
512 4105 727 4207 Frauneeye
755 4105 804 4182 de
824 4106 1104 4207 Longaneutofr
1121 4107 1343 4206 rReynaud
1366 4109 1415 4183 de
1433 4107 1699 4187 Dolfinestot‘rr
1718 4112 1817 4187 Wil-

368 4251 459 4326 liam
476 4252 524 4329 de
540 4250 743 4330 Ruoestelr
757 4252 885 4331 Johan
900 4254 937 4330 le
952 4255 1003 4331 flz
1035 4256 1164 4333 Johan
1181 4257 1231 4332 de
1247 4257 1436 4358 Anesseye
1453 4283 1463 4334 r
1481 4258 1609 4334 Johan
1624 4258 1661 4334 le
1678 4261 1818 4337 Mares·

371 4398 454 4473 chal
465 4426 479 4474 r
490 4401 637 4502 Aymer
653 4401 702 4476 de
718 4401 950 4479 Rotherford
962 4398 1132 4481 rRobert
1148 4404 1197 4480 de
1212 4403 1250 4479 la
1265 4405 1450 4506 Graunge
1465 4438 1477 4478 r
1490 4404 1619 4509 Aleyn
1637 4407 1817 4509 Gumeyr

371 4545 535 4646 Phelipp
553 4547 714 4624 Stiward
729 4548 886 4644 [Adam
902 4550 952 4625 de
968 4548 1174 4627 Chnthour
1192 4548 1306 4627 Nicol
1331 4553 1456 4654 Faus}
1471 4552 1673 4630 tWilliam
1699 4557 1817 4633 Sootr

373 4693 496 4769 Marie
510 4694 561 4770 de
578 4696 722 4797 syntofi
735 4696 929 4774 rwilliam
940 4699 991 4774 de
1002 4699 1178 4777 chartres
1192 4728 1206 4776 r
1219 4699 1390 4777 Richerd
1401 4700 1438 4777 le
1448 4698 1653 4778 Fourbour
1668 4702 1718 4779 rJ
1719 4702 1818 4776 ohan

369 4837 421 4915 de
450 4841 635 4932 Litleselif
646 4871 661 4921 r
681 4843 855 4946 &mund
886 4847 936 4922 de
968 4847 1128 4925 Hordet
1148 4873 1160 4927 r
1178 4847 1279 4951 Gwy
1312 4849 1362 4924 de
1394 4849 1558 4925 Denum
1578 4876 1592 4924 r
1609 4847 1735 4925 Johan
1769 4850 1818 4923 de
