4440 5916
1069 468 1143 537 142
1170 414 1177 429 ’

379 647 453 761 Jeo
481 681 590 758 senui
618 681 691 757 feal
708 685 730 757 έ
745 681 818 757 leol
833 686 881 759 16
906 683 959 759 foi
985 686 1007 758 6
1031 682 1157 759 leonte
1181 683 1345 784 porterai
1371 706 1420 758 au
1449 681 1529 759 Roi
1557 681 1726 760 Edword
1750 683 1830 765 Ro

380 804 593 931 Dengle‘Pre
605 833 650 903 κέ
668 831 754 904 oses
768 830 888 906 heirs1
903 832 951 906 de
964 832 1058 905 viee
1072 833 1120 906 de
1132 831 1288 906 menbre
1300 857 1313 904 t
1327 834 1348 905 έ
1361 830 1410 905 de
1422 804 1522 905 Prien
1536 829 1683 906 honour
1698 839 1831 909 contre

379 989 477 1055 notes
501 987 616 1079 gentz
634 979 702 1077 qui
726 987 887 1077 purront
903 978 1011 1053 viure
1027 1003 1079 1053 ou
1103 979 1245 1053 morirt
1263 982 1284 1051 έ
1303 978 1466 1076 jammes
1490 1003 1565 1077 pur
1589 979 1684 1077 nuly
1708 1002 1829 1055 armes

379 1120 430 1201 ne
445 1127 608 1226 portemi
622 1153 632 1200 1
647 1149 723 1200 nen
739 1126 876 1200 oonseil
893 1150 968 1201 nen
994 1126 1078 1201 eide
1101 1150 1151 1200 ne
1174 1126 1283 1202 serrai
1309 1136 1439 1201 oontre
1464 1124 1528 1226 lyr
1544 1150 1594 1200 ne
1620 1135 1751 1202 contre
1771 1129 1830 1209 see

381 1274 480 1349 heirs
495 1298 543 1347 en
560 1272 629 1348 nul
647 1296 707 1348 cas
723 1297 772 1372 qe
788 1282 879 1372 poet
903 1275 1034 1347 auenir
1049 1300 1062 1347 t
1075 1275 1098 1348 e
1113 1271 1308 1348 leonment
1332 1273 1558 1349 reoonustrai
1572 1297 1581 1350 ι
1597 1277 1623 1347 ἐῚ
1635 1274 1830 1350 leoument

380 1420 450 1495 froi
465 1420 519 1496 les
535 1422 691 1496 seruioes
704 1444 752 1519 qe
768 1426 989 1518 aportenent
1005 1444 1044 1494 as
1061 1427 1278 1519 tenemento
1293 1445 1302 1495 ι
1316 1444 1363 1517 qe
1374 1419 1440 1517 jeo
1457 1420 1567 1494 cleim
1584 1422 1684 1495 tenir
1699 1421 1748 1496 de
1764 1420 1828 1522 151

379 1562 531 1643 fiDieu
547 1592 610 1642 me
635 1568 719 1641 eide
743 1571 765 1641 έ
790 1567 843 1641 les
867 1568 1009 1641 seintz·
1053 1567 1119 1642 En
1148 1566 1426 1666 tosmoignanoe
1454 1567 1520 1642 des
1535 1591 1658 1667 queus
1674 1567 1829 1644 choses!

380 1738 478 1791 nous
503 1738 635 1789 auoms
660 1713 733 1788 fait
761 1714 855 1788 faire
881 1715 994 1790 cestes
1022 1715 1151 1789 lettres
1184 1722 1333 1789 ouertes
1366 1713 1499 1788 sealees
1532 1713 1580 1788 de
1612 1737 1682 1789 nos
1711 1715 1826 1791 seouo·

380 1864 537 1939 Donees
565 1867 643 1964 [ὅδε.
659 1861 866 1963 utsupra]

375 2137 487 2234 'Item
537 2156 580 2231 A
597 2166 688 2231 touz
706 2179 815 2230 oeaus
832 2154 902 2253 qui
918 2153 1030 2229 cestes
1047 2153 1176 2228 lettres
1192 2162 1346 2228 verront
1363 2178 1413 2228 ou
1430 2161 1559 2229 omont
1571 2179 1582 2230 ι
1595 2153 1764 2230 Dunoon
1781 2153 1831 2229 de

378 2302 653 2404 Fernyndrogh
668 2328 677 2378 ι
693 2301 859 2377 chiualer
874 2302 1072 2377 tNorman
1088 2300 1138 2375 de
1154 2299 1327 2400 Leffelyn
1344 2299 1535 2375 ohiuolert
1549 2301 1577 2376 J
1577 2300 1676 2376 ohan
1688 2302 1829 2402 Lyppe

377 2449 440 2524 del
457 2451 610 2526 Counte
627 2450 674 2523 de
692 2449 876 2523 Abredefi
889 2474 904 2522 t
915 2448 1081 2523 Thomas
1099 2447 1148 2522 de
1160 2446 1340 2523 Morham
1354 2472 1364 2522 ι
1379 2449 1498 2545 pusne
1511 2474 1524 2521 t
1535 2447 1599 2522 del
1609 2447 1764 2525 Counte
1779 2449 1830 2526 de

381 2594 572 2696 Striuelyn
585 2622 598 2669 t
610 2596 638 2671 J
638 2595 738 2669 ohan
752 2594 919 2694 Whighf
935 2593 1022 2668 tdel
1040 2594 1193 2669 Counoe
1205 2593 1253 2668 de
1266 2593 1420 2668 Lanark
1435 2592 1637 2669 tWilliam
1653 2594 1796 2670 Breton
1812 2628 1826 2668 ι

375 2743 441 2819 del·
455 2745 608 2820 Counte
635 2744 684 2817 de
712 2742 889 2817 Linleseu
903 2767 916 2814 t
931 2740 1107 2816 William
1137 2739 1185 2816 de
1213 2738 1575 2842 Abererombytdel
1599 2739 1753 2816 Counte
1777 2740 1828 2818 de

376 2890 496 2991 Fyfft
512 2891 661 2991 Hughe
677 2889 725 2964 de
745 2890 842 2965 Une
866 2888 930 2964 del
947 2888 1099 2965 Counte
1115 2889 1164 2964 de
1182 2889 1354 2964 Dunfres
1370 2915 1383 2962 t
1398 2889 1530 2989 Roger
1545 2888 1595 2964 de
1611 2888 1825 2983 Crousordss

376 3037 439 3112 del
458 3040 610 3113 Counoe
628 3038 676 3111 de
693 3038 776 3111 Are
790 3063 805 3111 t
817 3036 984 3111 Thomas
1009 3037 1045 3110 le
1073 3037 1189 3111 Ewer
1203 3068 1215 3109 t
1230 3035 1357 3111 Johan
1386 3035 1434 3111 de
1454 3034 1580 3154 Skene
1596 3034 1658 3110 del
1675 3036 1830 3113 Counne

376 3185 426 3260 de
441 3183 701 3283 Edenebungh
716 3181 864 3257 ‘salm-
909 3183 992 3256 Pur
1016 3192 1083 3256 ceo
1123 3188 1201 3283 [85⁶.
1229 3192 1272 3257 ut
1293 3183 1447 3284 supro]
1496 3182 1657 3258 Doneeo
1682 3189 1759 3286 [850.
1786 3195 1830 3259 ut

375 3331 525 3433 mm]

375 3606 481 3702 Item
531 3625 574 3700 A
599 3632 699 3700 tour
717 3622 916 3722 oeaun'qui
941 3622 1054 3698 costes
1070 3620 1199 3699 letheo
1215 3633 1370 3699 verront
1389 3650 1441 3700 ou
1465 3635 1596 3703 onont
1609 3654 1623 3704 ι
1637 3625 1763 3704 Johon
1780 3625 1829 3702 de

374 3773 501 3849 Stowe
514 3800 529 3848 t
540 3774 695 3874 persone
711 3772 773 3847 del
786 3772 917 3872 Egliso
942 3772 991 3847 do
1017 3770 1237 3873 Glenkemj¹
1252 3799 1261 3849 ι
1279 3771 1341 3848 del
1354 3773 1505 3849 Counte
1521 3775 1569 3849 de
1584 3774 1795 3851 Kinoordin
1811 3799 1822 3851 1

373 3945 421 3995 en
440 3924 607 3997 Miemes
621 3949 630 3996 ι
645 3926 745 3996 Jone
770 3921 818 3995 de
843 3919 1059 3995 Loundeles
1075 3947 1084 3995 ι
1100 3920 1247 4019 Symfid
1263 3920 1478 4021 Fraunceys
1493 3949 1506 3996 t
1520 3922 1669 3998 Robert
1686 3921 1740 3997 du
1753 3921 1829 3997 val

373 4068 421 4141 de
437 4068 514 4142 ΕΗ(
527 4094 540 4141 ι
552 4067 727 4143 Richard
742 4068 779 4142 le
794 4065 1015 4169 finGeffrey
1025 4068 1073 4143 de
1086 4066 1235 4143 Eksom
1253 4067 1316 4141 del
1330 4068 1481 4144 Counte
1493 4069 1541 4142 de
1550 4067 1828 4166 Roketburgnt

262 4283 267 4289 .
369 4212 506 4289 Dauid
520 4213 557 4288 le
575 4212 725 4289 Vicoire
743 4215 805 4288 del
823 4214 951 4312 Eglise
968 4215 1016 4290 de
1033 4215 1199 4316 Foghou
1215 4241 1225 4290 ι
1239 4214 1268 4290 J
1268 4214 1367 4289 ohan
1380 4215 1527 4290 Vimine
1539 4214 1589 4288 de
1599 4213 1825 4312 Langetoiit

370 4359 433 4435 del
444 4360 596 4435 Counte
606 4362 657 4472 ¹do
671 4360 861 4458 Berewyk
874 4386 883 4433 ι
898 4362 1058 4435 Andreu
1073 4361 1123 4436 de
1135 4361 1333 4461 Goruiagh
1349 4360 1533 4438 sRiehard
1544 4359 1593 4434 de
1608 4359 1826 4463 Lethindyae

372 4507 576 4584 nnzabeth
599 4507 648 4581 oe
665 4507 868 4582 nomnen
882 4533 895 4580 t
911 4467 974 4581 oen
991 4508 1146 4583 counte
1170 4506 1218 4580 de
1231 4507 1413 4583 meroen
1428 4507 1597 4585 ‘nonen
1613 4509 1661 4584 de
1679 4509 1829 4586 emunt

376 4657 439 4732 del
456 4658 608 4734 Counte
634 4655 682 4730 de
700 4654 785 4756 Fyf
799 4682 812 4729 t
827 4655 965 4755 Henry
988 4654 1024 4729 le
1050 4654 1101 4729 fin
1128 4653 1288 4731 Emaud
1305 4653 1506 4732 ‘william
1532 4657 1717 4758 Gofoelyn
1737 4683 1746 4734 e
1765 4656 1829 4733 del

375 4805 536 4883 Counto
559 4805 607 4880 de
626 4802 788 4906 Selkyrk
810 4803 967 4880 tJohan
996 4803 1044 4878 de
1071 4801 1300 4905 Dunbretan
1320 4829 1333 4879 ι
1350 4803 1502 4903 persone
1529 4802 1591 4884 del
1619 4805 1748 4908 Eglise
1779 4803 1828 4895 de
